2859 4717
559 300 568 309 ’
683 290 796 353 281»
835 284 1402 353 rnemsnmm
1437 288 2255 355 surrmmronuu
2284 292 2435 391 ιρι.
2454 293 2628 361 vnn

335 494 403 551 U.
417 497 605 567 0498.
669 494 871 557 bitate
911 494 1335 559 calamitatum
1376 514 1643 557 suarum
1682 509 1751 558 et
1790 495 2105 561 victoriae
2144 494 2397 573 fiducia⁸
2408 492 2623 556 stimu-

668 577 816 650 lati,
862 575 1142 639 reddere
1177 577 1390 640 vicem
1429 574 1749 659 hostibus,
1794 592 1897 651 et,
1939 577 2095 672 quid
2122 578 2435 639 malorum
2468 598 2623 659 per-

715 658 840 719 ess'a
865 656 1196 742 ‚Carthago
1228 657 1439 731 foret,
1483 658 1805 719 Romanae
1846 658 1994 719 urbi
2024 658 2625 741 persentiscendum

253 768 258 772 ·
331 765 640 836 ,σαώσῃ
668 681 824 800 gare
863 752 1212 821 cuperent,
1257 739 1721 822 auderentque.
1785 740 2004 834 Quare
2042 738 2410 801 consulibus
2444 759 2621 799 man-

329 835 532 887 m'cnses
565 837 638 887 A.
668 820 842 881 davit
875 832 1132 899 senatus
1150 862 1168 893 ‚
1215 832 1287 881 ut
1313 822 1599 894 Italiam,
1634 844 1821 893 quam
1846 832 2096 897 possent
2112 822 2621 899 diligentissime,

320 902 448 967 fros
465 936 484 965 ,
543 906 642 970 que·
665 903 982 958 munirent
1007 893 1344 973 praesidiis
1361 915 1382 949 .-
1419 896 1543 966 ipsi
1558 897 1705 950 cum'
1726 898 1988 953 navibus
2007 914 2194 968 quam
2212 896 2506 965 plurimis
2522 896 2619 952 Si-

316 969 639 1036 Λεία-παισί,
666 968 918 1031 ciliani„
957 964 1136 1036 inde,
1173 970 1230 1025 .ςί
1267 960 1617 1027 videretur,
1670 962 1957 1037 Africam
1991 962 2329 1032 adeuntes,
2381 964 2623 1019 Poenos

327 1038 612 1092 mulctant.
667 1040 743 1097 ab
783 1042 980 1127 Italic
1012 1040 1284 1127 petenda
1327 1038 1612 1125 propiore
1651 1047 1822 1095 metu
1856 1037 2247 1095 distinerent.
2314 1034 2623 1093 Ceterum
2666 1106 2672 1111 μ

666 1112 1286 1197 Carthaginienfibus
1321 1123 1647 1193 antiquior
1677 1131 1829 1172 cura
1857 1110 1981 1171 suit
2013 1112 2305 1172 civitates
2330 1132 2365 1171 a
2387 1112 2625 1173 Roma-

611 1254 616 1259 .
661 1195 765 1255 nis
803 1208 1144 1279 occupatas
1176 1190 1521 1275 recipere3
1564 1190 1763 1253 Afros
1786 1234 1801 1262 ‚
1849 1191 1958 1275 qui
1995 1210 2029 1250 a
2059 1211 2130 1251 se
2169 1192 2247 1251 ad
2276 1188 2485 1252 hostes
2506 1190 2624 1252 de-

665 1276 1022 1349 sciverant,
1071 1276 1420 1351 mulctare3
1467 1272 1535 1332 in
1564 1272 1927 1333 rebellione
1951 1269 2371 1355 persistentes
2394 1272 2471 1332 ad
2503 1272 2620 1333 ob-

361 1370 606 1439 Ctupeam
665 1357 889 1439 sequia
923 1356 1116 1417 armis
1147 1372 1410 1439 cogere.
1480 1352 1611 1414 Sed
1647 1354 1882 1437 Clupea
1921 1351 2183 1437 quidem
2212 1352 2288 1413 ab
2312 1352 2623 1419 Romanis

323 1440 612 1505 defendunt
661 1434 913 1499 strenue
949 1436 1210 1513 defensa
1241 1433 1368 1497 est:
1408 1433 1475 1494 in
1506 1432 1803 1495 Numidia
1840 1434 2114 1529 aliisque
2146 1434 2407 1516 populis
2440 1430 2625 1491 Afri-

265 1518 268 1521 ’
323 1506 575 1564 ΚΜΜῖ·
621 1578 634 1595 l
663 1538 774 1580 cac
791 1538 1089 1601 magnum
1109 1515 1312 1599 magis
1328 1514 1591 1587 bellum,
1613 1534 1799 1597 quam
1820 1512 2115 1575 diffimlis
2136 1512 2431 1586 victoria,
2450 1511 2598 1573 fuit.

783 1625 1079 1685 XXXIV.
1125 1626 1416 1695 Interea,
1461 1640 1655 1705 quum
1691 1618 1965 1681 initalia
2007 1616 2281 1681 validam
2316 1616 2622 1679 adornari

659 1704 916 1791 claffem
946 1703 1452 1789 comperiffentr
1488 1700 1741 1774 omiss'a,
1787 1720 1975 1785 quam
2012 1698 2425 1773 obsederant,
2467 1698 2617 1760 Clu-

657 1807 816 1869 pea,
881 1805 1076 1847 naves
1117 1798 1375 1848 veteres
1409 1780 1728 1855 reficere,
1791 1800 1991 1845 novas
2027 1777 2493 1854 exaedificare,
2539 1776 2621 1840 ad
2730 1796 2737 1803 ·

655 1866 1104 1950 prohibendos
1134 1850 1587 1927 Africo'litore
1621 1868 1945 1925 Romanos
1982 1862 2195 1922 omnia
2218 1860 2490 1922 studiose
2504 1881 2622 1946 pa-

656 1968 803 2010 rare
829 1960 1206 2031 coeperunt.
1273 1946 1360 2007 At
1389 1944 1683 2006 consules
1714 1942 2085 2004 incredibili
2111 1941 2448 2025 diligentia
2478 1956 2619 2003 tan-

612 2092 624 2099 ,
654 2041 794 2089 tum
837 2028 1225 2099 effecerant,
1289 2040 1360 2086 ut
1385 2024 1633 2087 aestatis
1667 2026 1855 2087 initio
1890 2044 2090 2084 naves
2124 2024 2249 2106 jam
2276 2038 2639 2089 trecentas·

657 2108 938 2204 quinqua
986 2109 1115 2170 inta
1153 2105 1486 2169 instructas
1528 2120 1913 2189 ornatasque
1948 2103 2285 2168 haberent.
2352 2106 2622 2189 quibus·

654 2209 800 2250 cum
834 2211 906 2250 in
942 2130 1232 2251 {iciliam
1269 2186 1589 2271 profecti,
1631 2184 1959 2271 postquam
1992 2187 2086 2249 ibi
2122 2188 2277 2249 satis
2314 2200 2453 2249 tuta
2481 2208 2620 2248 om·

653 2270 799 2344 nia,
863 2270 1160 2353 nihilque
1213 2267 1401 2343 mali,
1467 2282 1919 2351 praeterquam
1962 2267 2137 2352 quod
2174 2268 2241 2327 in
2291 2266 2404 2331 exl'
2445 2284 2622 2331 ecta-

653 2350 833 2414 tione
871 2365 936 2413 et
963 2366 1136 2411 metu
1169 2350 1417 2419 suerat,
1466 2349 1885 2433 reperiffent,
1930 2347 2299 2433 praesidiis,
2345 2371 2386 2410 u
2433 2350 2618 2411 ima-

654 2434 825 2496 xime
867 2454 1028 2515 opus
1066 2443 1204 2493 erat
1229 2475 1245 2505 ,
1289 2431 1579 2503 relictis,
1642 2450 1784 2492 cum
1818 2443 2041 2505 cetero
2077 2430 2367 2492 exercitu
2410 2432 2616 2510 proti-

353 2535 630 2601 συθ-κη,
654 2536 774 2575 nus
805 2512 1094 2575 Africam
1129 2511 1352 2575 versus
1374 2512 1866 2573 contenderunt.
1910 2510 2042 2572 Sed
2063 2508 2431 2595 tempestate
2455 2514 2615 2575 Cos-

317 2606 565 2673 capiunt.
657 2616 870 2656 suram
905 2594 1136 2665 delati,
1205 2594 1424 2673 (inter
1457 2592 1747 2656 Africam
1793 2606 1860 2654 et
1892 2592 2222 2666 Siciliam,
2283 2613 2407 2676 qua
2438 2594 2616 2675 Lily-

654 2676 884 2737 baeum
909 2674 1428 2759 promontorium
1459 2669 1566 2747 est,
1610 2673 1825 2758 posita
1860 2670 1949 2749 est
1976 2671 2216 2752 insula)
2253 2670 2502 2736 vastatis
2546 2697 2613 2736 a-

654 2756 826 2841 gris,
873 2768 938 2819 et
975 2756 1139 2818 urbe
1172 2754 1466 2837 ejusdem
1499 2756 1781 2819 nominis
1819 2769 2003 2841 capta
2024 2798 2041 2831 ,
2083 2751 2467 2840 praesidium
2489 2755 2611 2815 im-

652 2837 1025 2921 posuerunt.
2360 2908 2369 2913 ι

770 2915 1034 2983 XXXV.
1095 2916 1249 2980 Inde
1290 2916 1368 2979 ad
1405 2916 1796 2980 Hermaeum
1880 2917 2351 2979 romontorium
2380 2936 2611 3004 perre-

651 3013 918 3073 xerunt,
966 2998 1175 3083 quod,
1236 2998 1455 3059 medio
1490 3000 1663 3062 inter
1699 3002 1849 3062 Cart
1896 2999 2152 3081 aginem
2196 3012 2262 3061 et
2306 3001 2614 3083 Clupeam

657 3082 806 3154 situ,
851 3082 1124 3141 alterum
1162 3078 1713 3161 Carthaginiensis
1751 3082 1931 3141 sinus
1966 3098 2171 3140 cornu
2203 3080 2465 3142 claudit.
2513 3083 2615 3141 Eo

331 3162 521 3247 Pugna
536 3136 628 3247 κέ.-
657 3164 1030 3246 loco'quum
1059 3165 1430 3239 Poenorum
1462 3181 1657 3222 naves
1693 3160 2133 3231 occurriss'ent,
2179 3163 2445 3247 acrique
2468 3180 2613 3222 cer-

314 3238 492 3296 ”1'52
548 3252 626 3287 W·
655 3244 889 3305 tamine
929 3245 1084 3303 duas
1120 3243 1290 3303 inter
1329 3241 1551 3302 class'es
1595 3240 2013 3302 dimicaretur
2038 3282 2053 3311 ‚
2099 3242 2336 3305 auxilio
2370 3262 2614 3304 venere

315 3312 458 3354 “⁰''
496 3301 593 3354 Ro.
659 3325 792 3387 suis
841 3347 876 3384 a
930 3322 1047 3384 Clu
1097 3344 1170 3384 ea
1205 3323 1518 3395 Romani,
1584 3335 2103 3404 momentumque
2142 3320 2299 3399 hoc,
2345 3323 2613 3406 paribus

317 3384 496 3424 '¹⁶⁸⁰'
535 3472 540 3479 ,
612 3442 620 3445 -
657 3424 946 3488 eousque
993 3424 1064 3465 re
1116 3426 1228 3476 us,
1275 3402 1353 3462 ad
1386 3402 1727 3465 victoriam
1766 3404 1911 3487 suit.
1978 3402 2188 3461 Poeni
2221 3424 2419 3467 naves
2502 3426 2613 3464 ua-

653 3500 804 3546 tuor
841 3506 1032 3567 supra
1073 3498 1330 3547 centum
1367 3484 1762 3555 submersas,
1830 3483 2092 3566 triginta
2130 3499 2345 3567 captas
2380 3486 2458 3546 ab
2542 3506 2649 3545 o·-

654 3564 873 3641 ssibus‚
904 3566 1178 3627 militum
1215 3564 1295 3626 ad
1326 3567 1527 3626 millia
1558 3566 1929 3651 quindecim
1962 3563 2327 3628 amiserunt.
2376 3588 2455 3628 ex
2479 3568 2611 3627 Ro-

653 3646 858 3720 manis
885 3648 1064 3708 mille
1091 3660 1344 3709 centum
1380 3648 1645 3729 periere
1674 3648 1915 3709 milites
1942 3688 1957 3719 ‚
2004 3666 2151 3707 cum
2186 3648 2456 3709 navibus
2498 3668 2615 3708 no-

655 3748 824 3788 vem.
888 3734 1054 3789 Tum
1087 3729 1391 3812 Clupeam
1425 3729 1723 3811 profecta
1746 3729 1976 3800 clanis,
2012 3728 2475 3813 expositusque
2494 3728 2616 3789 mi-

657 3810 756 3871 les
792 3809 962 3891 juxta
1003 3808 1198 3893 ipsam
1234 3810 1559 3871 civitatem
1600 3807 2109 3893 castra-munivit.
2155 3822 2612 3873 venerunt'eo-

657 3890 806 3953 dem
839 3890 1397 3975 Carthaginienses
1434 3892 1659 3979 copiae
1680 3932 1697 3965 ‚
1748 3912 1905 3976 quas
1939 3892 2291 3952 Hannones
2324 3892 2453 3953 duo
2494 3892 2613 3952 du-

581 4108 589 4111 -
693 4040 840 4113 Cap.
859 4040 1118 4095 xxxm.
1164 4038 1368 4109 Polyb.
1395 4058 1441 4105 ι,
1454 4038 1545 4096 36.
1578 4041 1751 4095 Oros.
1769 4042 1826 4108 4,
1840 4058 1893 4109 9.
1948 4026 2094 4111 (3ιρ-
2107 4028 2363 4093 xxxiv.
2396 4036 2606 4105 Polyb.

657 4111 1126 4175 Zonar.·St1-ab0‚
1146 4109 1188 4161 l.
1213 4114 1324 4177 17?
1337 4110 1529 4180 p.834.
1548 4121 1609 4164 et
1629 4109 1673 4163 l.
1686 4112 1739 4165 6.
1758 4126 1820 4181 p.
1840 4127 1961 4177 ²77·
1982 4112 2193 4164 Zonar.
2212 4108 2417 4175 Polyb.
2452 4108 2598 4177 Gap.

659 4181 887 4237 XXXV.
921 4179 1208 4245 Strabo,l.
1223 4194 1304 4246 ¹7·
1323 4180 1522 4250 p.832.
1546 4180 1745 4249 Polyb.
1764 4180 1977 4234 zonat.
1993 4180 2238 4251 Eutrop.
2260 4177 2303 4231 1.
2318 4197 2369 4232 α.
2390 4178 2567 4233 Oros.

1207 4380 1238 4409 S
