2859 4717
684 296 771 358 m
810 292 1109 357 Locum
1144 294 1306 357 Lm.
1336 292 1540 359 xvn.
1581 292 1807 361 Lrvu.
1893 276 1931 305 ·
2097 298 2210 377 159

271 503 356 565 lis
387 502 667 586 antiquis
702 501 1099 563 decantatum
1136 500 1255 579 est3
1300 502 1586 640 itemtque
1622 496 1762 582 post
1795 503 1980 564 lliaca
2015 505 2207 579 bella,
2267 502 2541 581 ULc.494.

272 586 611 645 Troianos.
681 587 885 643 Terra
928 603 1141 666 neque
1174 582 1382 666 spatio
1422 580 1549 642 soi
1591 582 1882 645 maximis
1922 585 2210 665 ejusdem

270 667 467 725 maris
498 665 841 725 insularum
866 706 883 737 ,
928 683 1139 748 neque
1176 662 1464 725 bonitate
1493 661 1902 726 fertiliss'imis
1945 668 2210 728 multum

270 745 481 807 cedit:
524 766 759 827 parens
797 766 836 806 o
884 745 1037 806 tima
1072 743 1429 828 pecudum,
1492 741 1805 806 frumenti
1845 749 2072 839 optimi
2108 747 2210 809 fe-

268 825 603 898 raciss'ima,
650 828 839 888 metal
868 846 1049 887 orum
1142 846 1203 898 e,
1226 825 1363 889 ,sed
1392 824 1770 908 praesertim
1796 830 2068 912 argenti,
2112 830 2210 891 di-

270 926 410 970 ves.
472 908 671 969 Coelo
700 921 912 969 tamen
936 908 1061 969 hau
1138 926 1343 991 aeque
1372 904 1614 967 salubri
1643 906 1845 969 utitur
1863 952 1882 983 ,
1929 910 2214 973 laudem-

318 1008 401 1049 ue
432 986 889 1051 foecunditatis
922 988 1090 1072 apud
1126 1002 1383 1051 exteros
1412 984 1876 1071 pestilentioris
1914 994 2082 1055 aeris
2113 994 2214 1053 in-

268 1008 463 1130 Pamin
498 1070 891 1153 corrumpit:
949 1090 1071 1154 per
1104 1066 1398 1131 aestatem
1444 1069 1618 1131 enim
1649 1069 1944 1133 mothona
1979 1071 2105 1149 est,
2149 1086 2215 1135 et

267 1150 337 1211 in
370 1151 533 1211 locis
570 1150 1041 1226 fertilioribus,
1085 1151 1311 1235 magis.

392 1256 562 1321 xlv.
606 1256 893 1317 Herbam
972 1270 1267 1319 raeterea
1302 1254 1609 1340 producit
1653 1256 2056 1322 vehementis
2097 1279 2212 1326 ve·-
2303 1270 2488 1327 Herba

266 1336 458 1409 neni,
504 1336 773 1421 apiastro
806 1358 925 1421 per
951 1337 1188 1401 imilem
1212 1382 1228 1411 ‚
1275 1358 1440 1422 quae
1465 1338 1534 1399 in
1571 1337 1719 1402 cibo
1751 1354 2000 1425 sumpta
2032 1362 2211 1403 men-
2241 1339 2474 1396 Sardoa.

269 1430 400 1479 tem
432 1417 675 1491 adimit,
718 1419 1069 1503 nervisque
1102 1420 1428 1481 violenter
1453 1420 1740 1482 attractis
1767 1422 1936 1485 labia
1970 1422 2214 1485 distor-
2286 1411 2300 1426 ⁶

273 1512 427 1583 quet
459 1500 527 1560 in
564 1499 914 1560 ridentium
948 1500 1275 1583 speciem3
1335 1500 1582 1560 exitiali
1620 1521 1815 1562 succo
1840 1545 1858 1578 ,
1919 1504 2050 1565 nisi
2076 1502 2216 1587 post

268 1580 579 1642 vomitum
620 1582 717 1641 lac
764 1593 873 1641 aut
910 1602 1071 1664 aqua
1114 1580 1308 1641 mulsa
1342 1578 1604 1661 copiose
1641 1578 1919 1644 bibatur.
1984 1583 2075 1645 ita
2112 1586 2214 1647 vis

269 1658 448 1723 istius
482 1660 635 1721 mali
676 1660 981 1744 praesens
1026 1659 1335 1722 diluiturz
1401 1660 1642 1721 ceteris
1697 1660 1932 1723 deinde
1969 1663 2215 1725 incom-

270 1741 483 1802 modis
514 1761 587 1802 ea
618 1738 982 1815 medentur,
1028 1759 1189 1824 quae
1225 1742 1293 1801 in
1320 1736 1835 1803 convulfionibus
1867 1762 2218 1805 nervorum

268 1822 409 1883 usui
448 1836 617 1883 sunt.
701 1822 909 1883 Etiam
954 1822 1285 1883 minimum
1332 1820 1780 1893 animalculum
1813 1844 1936 1909 per
1973 1823 2218 1910 impru-

270 1902 549 1965 dentiam
598 1901 1169 1988 supersedentibus
1212 1902 1622 1965 mortiferum
1674 1900 1800 1965 est:
1870 1916 2220 1993 solpugam

273 2002 539 2049 vocant:
584 1984 1001 2047 formicarum
1038 2003 1282 2066 genus,
1327 1997 1504 2046 tanto
1529 1984 2012 2069 periculofioris
2042 1986 2220 2047 mali-

272 2066 436 2140 tiae,
484 2066 657 2152 quod
702 2081 767 2129 et
804 2067 959 2127 latet
986 2065 1181 2127 facile
1216 2079 1493 2150 propter
1531 2065 1982 2151 exiguitatem,
2043 2080 2106 2129 et
2144 2066 2222 2129 ab

273 2148 518 2229 ignaris
554 2162 815 2209 naturae
847 2146 985 2227 ejus
1016 2146 1207 2207 etiam
1242 2145 1749 2208 animadversum
1781 2168 1913 2210 non
1936 2148 2221 2212 timetur.

275 2228 498 2302 Sardi,
567 2230 767 2290 variis
801 2249 883 2290 ex
919 2228 1212 2289 barbaris
1244 2229 1440 2289 mixta
1473 2228 1649 2289 natio
1669 2271 1684 2302 ,
1732 2250 1925 2313 quum
1955 2230 2224 2313 ingenio

249 2330 396 2387 'suo
430 2311 859 2394 permittitur,
919 2309 1248 2371 lubentius
1280 2306 1660 2382 latrocinio,
1723 2330 1910 2393 quam
1947 2311 2224 2393 agricul-

274 2404 419 2451 tura
441 2432 457 2463 ‚
502 2392 827 2453 victitant:
881 2392 1055 2475 pelta
1092 2402 1157 2451 et
1188 2390 1379 2452 brevi
1418 2388 1570 2450 ense
1606 2404 1964 2452 armantur:
2003 2391 2225 2452 thora-

277 2490 389 2533 ces
424 2492 503 2533 ex
584 2473 709 2534 elle
741 2492 1145 2534 musmonum
1178 2470 1530 2548 consuunt3
1576 2472 1812 2533 arietes
1849 2472 1934 2532 ita
1969 2486 2224 2544 vocant,

280 2574 443 2637 quos
476 2494 675 2614 infula
705 2553 949 2637 gignit,
994 2572 1126 2613 non
1162 2553 1369 2613 lanam
1392 2594 1408 2625 ,
1455 2566 1526 2614 ut
1559 2552 1704 2624 alii,
1749 2553 1862 2614 sed
1933 2572 2103 2614 roca
2124 2552 2225 2637 pi-

272 2634 403 2695 lum
458 2655 799 2719 caprorum
845 2656 1024 2697 more
1066 2632 1405 2718 gestantes.
1490 2634 1760 2695 Urbium
1801 2653 1875 2695 ce
1904 2634 2228 2696 cherrima

278 2714 670 2790 Caralis‘est,
718 2716 1005 2777 Africam
1044 2730 1380 2800 spectans,
1439 2728 1506 2777 et
1545 2714 1700 2776 inde
1741 2714 2033 2788 condita,
2081 2735 2225 2779 cum

274 2796 715 2880 pulcherrimo
795 2810 959 2857 ortu.

400 2878 543 2942 XV.
590 2880 719 2939 Cor
768 2896 838 2938 ca
876 2896 996 2937 nec
1026 2876 1446 2961 amplitudine
1476 2896 1598 2939 nec
1632 2876 1864 2961 opibus
1891 2876 2225 2939 Sardiniae
2283 2908 2528 2967 ende„

279 2956 724 3041 comparanda,
764 2958 1027 3019 tertium
1060 2973 1272 3021 tamen
1302 2958 1478 3021 inter
1512 2959 1626 3021 bas
1655 2958 1891 3021 insulas
1911 2959 2224 3055 magyitu-
2249 2976 2552 3048 ascripsi..

280 3037 455 3100 dinis
488 3040 700 3099 locum
746 3038 1041 3101 obtinere
1078 3040 1388 3101 creditur.
1457 3058 1692 3101 nomen
1734 3061 1768 3100 a
1814 3040 2043 3115 Corfa,
2087 3060 2225 3101 mu-

276 3120 445 3181 liere
484 3120 772 3205 quadam,
817 3122 1127 3206 accepiss'e
1164 3122 1417 3183 incolae
1461 3121 1760 3195 tradunt,
1803 3121 1981 3203 cujus
2016 3120 2094 3183 ab
2123 3142 2225 3182 ar-

277 3216 496 3263 mento
534 3214 751 3263 taurus
786 3202 855 3261 in
885 3201 1049 3264 hanc
1084 3202 1345 3264 insulam
1372 3222 1451 3265 ex
1480 3204 1556 3264 Li
1605 3203 1746 3263 uria
1773 3203 2224 3287 transjecerit:

282 3282 552 3345 Graecis
594 3294 828 3369 Cyrnus
861 3298 1148 3346 vocatur.
1191 3285 1480 3364 Montosa
1513 3306 1548 3347 e
1618 3296 1684 3345 et
1712 3284 1952 3367 aspera,
1998 3297 2063 3345 et
2084 3282 2225 3366 ple-

276 3362 503 3449 risque
546 3366 710 3427 locis
744 3365 1003 3505 penitus
1045 3363 1243 3427 invia.
1348 3386 1504 3427 uare
1534 3365 1843 3451 populum
1881 3364 2070 3425 etiam
2091 3378 2226 3425 ter-

276 3466 389 3513 rae
426 3468 579 3509 suae
606 3446 751 3508 simi
780 3468 883 3508 em
920 3448 1064 3518 alit,
1110 3446 1289 3508 nullo
1368 3468 1596 3509 umano
1621 3448 1795 3509 cultu
1820 3489 1837 3520 ,
1881 3445 2226 3530 ferispro-

154 3555 161 3565 ·
270 3528 623 3624 pemodum
678 3528 841 3613 ipsis
886 3526 1477 3590 intractabiliorem.
1538 3529 1708 3626 capti
1739 3530 1808 3589 in
1837 3527 2226 3590 ‘servitutem

275 3624 386 3703 vix
418 3612 895 3675 mansuescunt=
960 3608 1077 3671 sed
1126 3621 1230 3670 aut
1272 3610 1667 3707 impatientia
1701 3606 1944 3671 laboris
1983 3607 2048 3670 et
2085 3608 2222 3753 {afli

276 3702 475 3751 vitam
522 3707 791 3766 exuunt,
874 3706 981 3754 aut
1022 3704 1414 3755 contumacia
1459 3706 1524 3755 et
1571 3690 1932 3777 stupiditate
1977 3712 2083 3753 mo
2111 3712 2146 3755 e
2199 3690 2222 3750 i

352 3848 434 3906 Ca
484 3889 497 3903 .
520 3850 675 3905 xm.
712 3850 933 3907 Sallust.
949 3852 1064 3907 Fra
1162 3859 1280 3906 ent.
1298 3850 1506 3906 inccrt.
1525 3852 1612 3907 25.
1631 3847 1930 3905 Pausand.
1956 3866 2037 3905 10.
2065 3850 2218 3907 Aeli-

282 3928 380 3976 an.
454 3920 535 3974 nst.
556 3919 752 3975 Anim.
777 3924 859 3989 16,
875 3922 962 3991 34.
985 3920 1066 3977 So
1088 3923 1173 4002 in..
1190 3937 1335 3975 cao.
1356 3922 1499 3975 Pom
1545 3938 1644 3974 on.
1663 3917 1835 4001 Mela,
1857 3938 1960 3988 2‚7.
1984 3920 2226 4003 Strabo!

280 3988 325 4041 l.
358 3992 412 4047 6.
449 4008 509 4073 p.
531 3990 651 4045 225.
722 3992 869 4071 ⁸Cap.
886 3992 1041 4075 JJIV.
1073 3990 1224 4047 le.
1243 4006 1327 4055 20,
1352 4008 1434 4045 u.
1543 3985 1841 4043 oscor-ides
1859 3992 1914 4054 6,
1941 3996 2116 4073 ¹42ss
2135 3989 2220 4043 ibn

284 4057 589 4183 {¹2:2²3}ss
607 4055 2216 4200 3332113352222225252231‘’ezss'ikss‘ftzaatfssffssae:

284 4210 406 4263 nys.
422 4195 797 4268 περιήγησιν.
814 4196 1035 4257 Sanun.
1056 4198 1193 4253 Βία.
1210 4218 1261 4265 a,
1274 4196 1331 4253 ὅ.
1354 4196 1590 4263 Strabo,
1606 4197 1650 4250 1.
1665 4198 1718 4253 5.
1734 4212 1798 4268 p.
1813 4199 1935 4265 22⁴.
