2859 4717
719 347 808 411 m
839 342 1134 409 Loctm
1165 344 1325 411 Lm.
1347 344 1584 440 Jtvm.
1630 344 1852 415 [ΠΗ.
2106 344 2223 433 ¹95
2336 318 2349 327 ’

273 552 405 617 tela
437 550 814 635 conjiciant:
859 552 914 611 si
953 564 1303 633 urgeantur
1337 550 1501 635 ipsi,
1544 549 1873 635 refugiant
1908 551 1977 611 in
2004 550 2219 625 foffas,
2275 552 2559 636 nesea,

274 653 470 721 atque
501 632 750 694 rursum
779 631 930 693 inde
963 646 1313 695 conentur=
1373 632 1677 693 sordidos
1721 630 1989 717 opifices
2028 635 2220 717 εἰβο-

273 716 531 779 renfem
559 715 810 776 turbam
844 727 1250 796 comportare
1277 713 1529 776 miss'ilia
1551 712 1751 791 jubet,
1796 726 1861 775 et
1883 729 2061 777 extra
2083 734 2221 775 mu-

275 818 393 859 ros
430 795 776 881 projicere,
819 814 900 854 ne
933 795 1118 876 copia
1153 794 1390 857 horum·
1427 795 1733 856 velitibus
1768 794 1979 857 desit=
2026 799 2223 879 sagit-

274 881 480 941 tarios
526 878 596 937 in
629 874 830 937 muris
867 876 1073 937 locat:
1127 876 1268 959 ipse
1303 896 1447 939 cum
1484 874 1863 939 cohortibus
1902 878 2225 959 gravioris

275 972 632 1021 armaturae
661 958 832 1018 intra
858 970 1109 1041 portam
1128 999 1144 1029 ,
1195 956 1422 1020 dextro
1461 956 1725 1033 hostium
1757 977 1959 1019 cornu
1992 960 2270 1021 obver-.-

282 1062 438 1114 sam,
479 1038 818 1101 instructus·
835 1051 1091 1125 paratus
1139 1058 1222 1100 ue
1252 1038 1558 1101 consistit.
1602 1044 1873 1112 Interea,
1897 1040 2007 1122 qui
2034 1060 2229 1127 proe-

276 1123 440 1185 lium
469 1120 957 1191 commiserant,
1007 1138 1110 1179 mo
1159 1140 1198 1179 o
1235 1120 1647 1183 multitudine
1684 1120 1954 1183 bostium
1986 1123 2227 1206 pressi,

281 1203 558 1268 servatis
580 1198 920 1261 ordinibus
951 1198 1323 1263 referebant
1341 1202 1593 1287 pedem,
1638 1202 1829 1263 modo
1858 1204 2231 1265 recentibus

284 1304 550 1349 suorum
583 1280 838 1343 auxiliis
871 1278 1256 1355 confirmati,
1299 1304 1464 1369 quae
1492 1282 1837 1369 proconsul
1859 1284 2236 1349 idemtidem

284 1362 697 1429 submittebat
733 1361 1210 1436 laborantibus,
1257 1385 1535 1448 pugnam
1571 1362 1995 1428 sustinebant:
2040 1387 2235 1451 quum
2309 1407 2439 1461 ΚΜ
2472 1425 2505 1463 r

278 1458 575 1522 rectores
603 1444 1113 1532 elephantorum,
1160 1446 1583 1508 aemulatione
1622 1446 1893 1520 incensi,
1939 1468 2069 1531 quo
2103 1448 2237 1532 ipsi
2256 1426 2561 1549 depleri-1⁶0⁸.

329 1526 500 1590 otius
521 1570 538 1599 ,
583 1546 770 1611 quam
807 1523 1206 1598 Hasdrubal,
1249 1541 1549 1589 auctores
1583 1526 1899 1591 victoriae
1921 1528 2108 1593 fuiss'e
2138 1529 2232 1591 vi·
2259 1547 2573 1601 ramanae,

336 1622 622 1681 erentur,
665 1605 1004 1669 concitatis
1033 1604 1277 1701 belluis
1287 1604 1668 1689 proturbant
1691 1607 2113 1682 adversarios,
2146 1624 2232 1685 et,
2262 1612 2491 1666 Punicae

282 1690 364 1753 ad
393 1690 619 1751 urbem
647 1708 718 1751 se
749 1686 1216 1770 recipientibus
1259 1703 1515 1751 incaute
1550 1686 1849 1751 instantes
1866 1718 1899 1765 ,r
1928 1689 2008 1751 ad
2036 1690 2237 1774 ipsam
2261 1682 2461 1749 canffa.

283 1793 491 1856 usque
525 1772 740 1833 foffam
775 1766 1307 1854 progrediuntur.
2204 1798 2210 1805 ·

411 1877 576 1940 mv.
619 1874 714 1937 lbi
731 1892 914 1946 vero,
954 1892 1146 1955 quum
1171 1888 1236 1935 et
1263 1874 1657 1939 amoenibus
1682 1898 1749 1939 sa
1796 1874 2055 1939 ittarum
2074 1876 2238 1939 nim·
2334 1926 2339 1935 .

281 1957 408 2022 bus
441 1970 698 2031 rueret,
745 1970 812 2017 et
845 1976 882 2016 a
907 1952 1302 2027 recentibus,
1344 1958 1457 2040 qui
1496 1972 1641 2019 ante
1670 1896 1893 2020 foffam
1914 1956 2237 2033 steterant,

283 2037 493 2105 hastae
529 2038 830 2101 velitares
868 2034 1216 2099 confertim
1237 2037 1641 2117 jacerentur,
1690 2040 1973 2107 confecti
2010 2041 2235 2103 vulue—
2284 2070 2575 2129 mmmm·

283 2122 474 2184 ribus
505 2118 828 2217 elephanti
857 2116 1134 2191 saevire,
1178 2120 1637 2203 conversique,
1680 2140 1808 2203 quo
1832 2120 2021 2183 dolor
2048 2134 2117 2183 et
2138 2123 2233 2183 ira
2257 2134 2530 2211 ‘stepha-ei·

285 2201 544 2265 ferebat
563 2244 581 2275 ,
623 2198 997 2263 incumbere
1042 2196 1242 2271 suis„
1273 2213 1619 2284 proterere
1654 2203 1882 2266 obvios
1907 2244 1924 2276 ‚
1976 2216 2235 2287 pertur-
2262 2213 2505 2263 saeviunt
2517 2211 2573 2263 ἐκ

285 2284 448 2347 bare
491 2298 558 2346 et
603 2282 944 2347 diffolvere
981 2277 1247 2341 ordines
1290 2294 1678 2344 armatorum
1719 2302 2020 2367 coepere.
2108 2304 2236 2367 quo
2262 2292 2407 2331 ⁸⁸⁰⁸·

291 2364 770 2435 &nimadversos
814 2360 1192 2445 proconsul,
1247 2372 1362 2433 Ιιοο
1394 2368 1565 2429 illud
1595 2386 1724 2427 esse
1764 2376 2003 2447 tempus
2036 2376 2238 2444 provi-

285 2470 402 2509 sae
429 2448 544 2511 diu
575 2449 872 2507 victoriae
913 2440 1277 2514 clamitans,
1351 2455 1573 2525 aperta
1618 2456 1805 2523 porta
1854 2446 2238 2528 prorumpit.

291 2541 506 2611 neque
557 2524 832 2586 difficile
881 2537 1206 2586 certamen
1245 2521 1563 2585 instructis
1601 2536 1667 2583 et
1704 2524 2083 2609 compositis
2131 2524 2242 2587 ad·-

294 2606 520 2669 verl'us
559 2604 958 2689 trepidantes
993 2618 1059 2667 et
1087 2605 1374 2665 turbatos
1403 2603 1549 2664 suit.
1602 2622 1827 2685 magna
1865 2606 2095 2669 caedes
2124 2626 2242 2689 pu-

294 2688 622 2771 gnantium
643 2728 660 2759 ,
703 2706 802 2747 ma
893 2708 928 2747 a
969 2684 1354 2768 fugientium
1382 2684 1571 2757 facta,
1618 2684 1761 2746 cal'u
1792 2686 2083 2769 quodam,
2131 2686 2242 2771 qui

295 2769 692 2853 praesidium
729 2766 806 2828 ad
857 2767 1005 2829 ictis
1035 2766 1294 2828 adferre
1329 2764 1675 2836 debuerat,
1719 2766 1891 2828 ultro
1924 2768 2242 2830 calamita-

294 2865 428 2912 tem
462 2862 760 2933 augentes
831 2848 1007 2932 Quip
1056 2866 1094 2908 e
1135 2844 1253 2907 sub
1305 2844 1479 2909 idem
1508 2846 1666 2907 illud
1706 2858 1956 2945 tempus
1998 2849 2243 2910 Punica
2338 2834 2534 2919 ''⁸3⁸¹'‘ss

297 2932 508 2995 classis
529 2931 908 3015 comparuit.
952 2952 986 2989 a
1095 2948 1258 3001 uam,
1285 2928 1488 2991 veluti
1508 2928 1730 2990 salutis
1756 2946 2005 2989 unicam
2037 2948 2239 3013 spem,
2268 2906 2585 3023 deffleat-us

297 3034 486 3099 quam
509 3012 764 3097 trepida
791 2948 1134 3072 multitudo
1167 3023 1470 3095 metuque
1493 3028 1678 3069 caeca
1700 3011 2071 3093 promiscue
2092 3032 2241 3071 rue-
2268 2990 2576 3109 oquzaemsms,

299 3110 438 3168 ret,
485 3094 670 3157 multi
705 3094 1018 3165 invicem,
1061 3105 1168 3154 aut
1196 3090 1273 3151 ab
1296 3088 1654 3175 elephantis
1678 3090 2031 3153 conculcati
2057 3104 2203 3154 sunt
2223 3111 2243 3169 3
2266 3108 2509 3179 produt.

304 3176 414 3237 alii
433 3198 464 3237 a
499 3174 1035 3260 persequentibus
1069 3172 1477 3255 interempti=
1520 3190 1782 3255 magnus
1807 3171 1995 3233 etiam
2022 3191 2244 3239 nume-

295 3277 412 3317 rus
435 3258 608 3319 inter
628 3255 990 3331 natandum,
1034 3268 1140 3316 aut
1161 3253 1310 3315 dum
1327 3270 1524 3317 naves
1540 3250 1922 3315 tumultuose
1938 3252 2246 3339 conscen7

199 3343 208 3353 ‘
305 3334 544 3400 duntur
563 3382 582 3413 ,
627 3338 916 3401 excuss'us
935 3379 953 3412 ,
995 3336 1064 3397 in
1096 3334 1257 3397 mari
1287 3335 1508 3417 periit.

428 3462 566 3529 LV.
609 3467 860 3547 Neque,
901 3462 1008 3527 vel
1037 3460 1118 3524 ad
1144 3482 1220 3524 ea
1251 3473 1566 3545 tempora,
1608 3460 1713 3525 vel
1740 3458 2072 3547 deinceps,
2116 3460 2247 3525 ulla
2292 3486 2581 3559 ηηωή,

303 3564 392 3633 po
439 3544 547 3607 ulo
584 3546 874 3609 Romano
907 3546 1082 3607 inter
1101 3558 1198 3606 tot
1222 3540 1695 3627 resprofperas
1717 3543 1987 3605 victoria
2006 3544 2247 3609 clarior
2270 3562 2445 3611 scoria
2510 3557 2577 3612 1..

305 3648 382 3691 ce
437 3640 524 3688 it:
567 3648 692 3712 qua
727 3640 796 3689 et
829 3624 910 3689 ad
945 3625 1234 3710 priorem
1271 3622 1569 3685 fiduciam
1612 3624 1816 3687 erecti
1850 3638 2000 3687 sunt
2026 3624 2243 3698 animi,
2276 3624 2509 3681 Metam.

306 3723 376 3771 et
405 3721 618 3771 tantus
649 3707 810 3771 hosti
849 3721 1054 3769 metus
1089 3706 1366 3767 incull'us
1387 3746 1402 3777 ‚
1464 3718 1535 3765 ut
1560 3725 1691 3766 non
1728 3702 1923 3766 modo
1960 3726 2142 3790 spem
2176 3706 2249 3769 in

301 3788 628 3875 posterum
661 3786 976 3877 pedestris
1009 3786 1308 3859 militiae,
1379 3785 1677 3867 quamdiu
1708 3784 1778 3847 id
1820 3784 2057 3848 bellum
2096 3788 2245 3860 suit,

306 3870 428 3935 sed
459 3870 651 3933 etiam
681 3866 1134 3956 cogitationem
1162 3866 1543 3951 deponeret.
1596 3865 1850 3951 Viginti
1872 3868 2071 3931 millia
2092 3871 2249 3933 Car·
2300 3884 2579 3951 manage.

301 3952 905 4037 thaginienfium·eo
942 3949 1197 4033 proelio
1241 3946 1418 4009 caesa
1462 3947 1875 4011 referuntur=
1927 3949 2253 4035 elephanti
2270 3954 2527 4009 niensium

305 4054 419 4097 sex
439 4034 504 4095 et
539 4033 773 4117 viginti
803 4030 1024 4105 statim,
1076 4028 1284 4092 ceteri
1324 4024 1540 4112 postea
1572 4049 1794 4093 omnes
1833 4030 2024 4115 capti.
2082 4032 2249 4094 Pro·
2272 4020 2467 4074 ‘'¹⁸¹“-

305 4142 686 4252 ἜερῶΝ.
721 4146 990 4235 ‘Fi-untia.
1009 4178 1260 4254 Strateg.
1281 4193 1334 4243 a,
1353 4174 1927 4247 5.Polyb.zonaras.
1962 4176 2246 4253 Cap-LV.

305 4248 509 4321 Polyb.
547 4249 848 4317 Plomma.
888 4250 1200 4321 Oros.4,9.
1239 4246 1519 4303 Zonaras.
2196 4256 2205 4267 ⁸

1446 4316 1599 4387 Na
