2859 4717
677 296 794 375 134
831 290 1382 402 metusne-,mn
1417 294 2235 369 SUPPLEMENTORUM
2248 300 2395 360 Lm.
2418 300 2545 364 v1.=

671 434 2630 469 m-r-..ffl

321 498 388 553 U.
411 518 468 555 e.
483 502 606 575 489.
667 502 805 576 gis,
840 520 924 559 an
956 508 1256 571 vestram,
1293 502 1587 560 Romani.
1640 523 1787 561 nam
1818 518 1937 574 ego
1962 499 2215 574 quidem
2236 503 2469 557 amicos
2482 502 2623 558 ali-

667 578 930 643 quanto,
981 588 1167 644 quam
1203 573 1741 635 existimaveram,
1798 568 2138 627 deteriores
2153 590 2173 638 ,-
2238 588 2339 625 uos
2386 578 2615 625 autem

666 637 1014 709 opinionem
1037 636 1335 710 justitiae
1371 660 1444 695 ac
1462 636 1631 706 fidei
1646 677 1664 707 ,
1702 657 1822 714 qua
1858 638 2026 711 apud
2052 656 2260 693 omnes
2287 636 2445 693 clari
2464 656 2617 693 era-

663 710 781 773 tis,
832 707 1152 762 amisistis.
1224 705 1527 767 Aduersus
1575 707 1991 764 Mamertinos
2036 704 2219 761 nulla
2268 704 2435 759 vobis
2470 725 2617 761 um-

662 792 848 848 quam
883 777 1149 829 societas
1195 782 1308 829 aut
1353 776 1639 832 amicitia
1660 775 1832 847 fuit.-
1883 771 2151 847 foedera
2201 792 2339 828 cum
2375 774 2618 831 Poenis

661 840 815 897 olim
835 878 853 909 ,
903 858 1146 898 mecum
1180 844 1372 898 etiam
1407 862 1605 917 nuper
1634 844 1857 899 icistis.

793 936 993 991 xxxl.
1050 936 1216 991 Haec
1261 936 1327 990 in
1370 935 1655 1010 gratiam
1692 934 1962 991 aliorum
1999 931 2159 988 nihil
2196 931 2279 990 ad
2314 952 2417 989 vos
2450 936 2612 990 atti-

658 1004 938 1059 nentium
975 1002 1308 1060 dissolvere
1341 1005 1694 1076 cupientes,
1744 1004 2003 1075 potestis
2038 1000 2275 1068 dicere,
2346 1020 2467 1074 qua
2504 1002 2615 1059 vel

655 1070 896 1143 injuria
929 1081 1180 1135 nostra,
1217 1070 1314 1126 vel
1341 1073 1565 1129 merito
1600 1072 2131 1129 Mamertinorum
2156 1068 2269 1125 hoc
2285 1068 2561 1140 faciatis
2579 1072 2613 1128 2

657 1138 784 1197 Sed
819 1142 968 1212 quia
1007 1138 1627 1213 Carthaginiensibus
1648 1176 1666 1207 ,
1728 1136 1895 1213 quod
1923 1157 2036 1213 pro
2068 1156 2134 1195 se
2168 1135 2415 1205 dicant,
2474 1158 2611 1195 non

659 1204 882 1277 deerit,
931 1206 1189 1265 illorum
1223 1210 1451 1265 omissa
1472 1228 1719 1274 caussa,
1772 1224 1929 1281 quae
1960 1225 2057 1262 me
2084 1214 2354 1291 tangunt
2377 1226 2598 1273 anum,

346 1270 630 1329 nus-eru-
656 1277 724 1333 in
757 1278 1112 1343 praesentia
1162 1275 1539 1333 memorabo.
1610 1275 2013 1343 Mamertini,
2072 1274 2211 1331 bont
2260 1272 2607 1347 populares

317 1356 500 1392 nerum
521 1360 631 1396 see·
655 1347 872 1410 vestri,
910 1362 1100 1417 quum
1136 1343 1306 1417 apud
1343 1345 1803 1417 Syracusanos,
1842 1344 1938 1398 uti
1966 1363 2087 1399 non
2118 1342 2451 1429 ignoratis,
2485 1344 2607 1399 sti—

317 1408 462 1463 !era.
653 1412 884 1487 pendia
906 1412 1244 1486 ⁴fecissent,
1295 1420 1366 1468 ut
1397 1416 1466 1469 in
1498 1410 1759 1469 Italiam
1795 1408 2070 1469 redirent
2103 1410 2385 1474 dimissi,
2422 1413 2601 1465 Mes·

341 1500 628 1557 Mnunffu
651 1500 881 1549 sanae,
941 1489 1268 1555 postquam
1319 1498 1356 1537 a
1391 1480 1635 1537 miseris
1670 1487 1732 1535 et
1764 1477 2032 1535 credulis
2068 1478 2397 1539 Messeniis
2433 1485 2601 1532 tam-

311 1566 597 1636 pfffiaffl„
654 1566 844 1623 quam
872 1548 1064 1604 amici
1085 1556 1146 1604 et
1173 1549 1330 1605 socii
1349 1550 1582 1620 recepti
1604 1554 1750 1603 sunt
1768 1583 1784 1616 ,
1816 1544 2081 1671 {acinus
2102 1554 2243 1623 post
2269 1544 2603 1601 hominum.

299 1636 622 1694 &hurum
650 1618 1018 1673 memoriam
1067 1615 1255 1689 longe
1289 1614 1733 1687 foedissimum
1781 1634 1811 1669 e
1858 1613 2146 1685 iderunt,
2202 1614 2603 1682 interemptis

623 1692 838 1740 macta
869 1683 1220 1756 hospitibus
1253 1684 1413 1753 suis,
1476 1702 1809 1758 eorumque
1858 1682 2069 1753 bonis,
2122 1680 2459 1748 uxoribus,
2514 1679 2599 1735 li·-

651 1752 851 1821 beris,
907 1762 968 1808 et
1004 1751 1152 1807 urbe
1188 1754 1324 1826 ipsa
1357 1754 1423 1808 in
1457 1760 1765 1823 potestate
1800 1758 2065 1807 retenta.
2138 1748 2321 1829 Quod
2350 1750 2473 1805 nisi
2490 1766 2601 1804 vos

649 1822 675 1881 i
715 1823 773 1876 si
801 1821 992 1876 etiam
1021 1818 1267 1885 eodem,
1355 1841 1435 1875 uo
1464 1821 1654 1875 ceteri
1685 1819 1983 1877 mortales
2010 1837 2247 1883 omnes,
2284 1835 2465 1873 sensu
2492 1834 2603 1869 ne-

298 1926 313 1955 ,
640 1838 909 1964 temdum
947 1898 1008 1943 et
1041 1886 1309 1943 intolera
1355 1888 1443 1943 ile
1471 1886 1673 1943 scelus
1699 1906 1825 1943 esse
1857 1883 2355 1955 iudicavissetis,
2392 1882 2549 2009 proi
2574 1914 2603 1931 ο

652 1962 752 2014 cto
783 1958 851 2011 in
886 1958 1001 2019 iis,
1051 1956 1157 2027 qui
1180 1958 1707 2011 Mamertinorum
1742 1955 2094 2011 imitatione
2130 1952 2297 2009 idem
2331 1954 2395 2007 in
2430 1954 2483 2009 1<
2569 1984 2596 1997 -

649 2027 835 2101 ginos
883 2024 1025 2079 ausi
1067 2030 1244 2090 sunt,
1295 2022 1467 2078 illud
1509 2025 1711 2095 ipsum
1750 2030 1881 2077 tam
1914 2026 2117 2077 seuere
2152 2040 2273 2077 non
2294 2019 2595 2092 fuissetis

649 2089 1046 2148 vindicaturi.
1119 2091 1257 2165 Qua
1279 2092 1482 2165 igitur
1507 2090 1891 2163 indignitate
1926 2108 2027 2144 vos
2060 2091 2216 2145 moti
2247 2106 2475 2161 poenas
2506 2086 2590 2143 ab

647 2158 912 2229 nefariis
943 2158 1297 2215 hominibus
1332 2156 1698 2229 repetendas
1730 2176 1858 2215 esse
1882 2158 2245 2231 putavistis,
2284 2154 2503 2213 eadem
2525 2162 2595 2211 et

650 2246 768 2301 ego
815 2244 1090 2292 moveor,
1163 2242 1239 2281 ne
1288 2226 1707 2283 Mamertinos
1755 2226 2094 2295 impunitos
2138 2227 2276 2297 pati
2316 2227 2588 2297 possim.-

647 2295 1016 2368 praesertim
1052 2310 1240 2419 quum
1293 2302 1509 2365 postea
1555 2310 1825 2378 quoque,
1898 2292 2250 2349 latrociniis
2292 2310 2403 2366 per
2454 2294 2595 2349 uni-

649 2382 884 2419 versam
921 2362 1053 2417 Sici
1083 2361 1211 2418 iam
1247 2360 1639 2427 exercendis,
1698 2362 1889 2434 primi
1933 2360 2185 2417 sceleris
2223 2362 2593 2419 memoriam

647 2433 818 2488 novis
851 2430 1114 2487 subinde
1135 2430 1534 2503 facinoribus
1568 2428 2012 2505 propemodum
2049 2430 2403 2513 obruerint..

347 2570 600 2623 Camars,
781 2550 1008 2603 XXXII·
1063 2552 1256 2615 Nam,
1309 2556 1382 2603 ut
1425 2546 1559 2602 alia
1596 2552 1876 2613 taceam,
1946 2549 2278 2605 Camarina
2318 2546 2592 2621 Gelaque

279 2638 619 2689 umquam,
649 2614 830 2672 urbes
861 2614 939 2673 ab
975 2615 1074 2673 his
1109 2618 1397 2685 excisae,
1450 2635 1639 2690 quum
1673 2615 1739 2669 in
1756 2614 1899 2680 fide
1932 2616 2467 2687 Syracusanorum
2496 2634 2587 2670 es-

275 2720 372 2771 que
386 2704 590 2760 aeid„
645 2690 782 2740 sent
795 2722 815 2753 ,
851 2686 1007 2740 satis
1043 2684 1202 2743 mihi
1228 2702 1453 2760 graves
1487 2700 1745 2739 caussae
1774 2680 2091 2753 videntur,
2128 2702 2237 2737 cur
2266 2680 2588 2739 hominum

276 2783 424 2826 runt.
644 2754 730 2807 im
779 2753 1321 2810 ortunissimorum
1375 2749 1687 2821 nefariam
1750 2750 2083 2807 audaciam
2130 2746 2304 2821 justo
2364 2752 2590 2825 pioque

648 2820 720 2874 be
751 2821 814 2876 lo
861 2838 1326 2905 prosequamur.
1419 2818 1600 2897 Quod
1648 2820 1706 2874 si
1750 2836 1891 2873 vero
1938 2816 2198 2873 tuendos
2248 2818 2413 2876 vobis
2460 2834 2589 2874 esse

645 2898 974 2960 propterea
1007 2890 1362 2956 sumulatis,
1401 2888 1601 2963 quod,
1642 2885 1859 2943 eadem
1894 2887 1961 2942 in
1994 2886 2194 2943 Italia
2228 2890 2401 2953 nati,
2446 2906 2591 2959 quo·

647 2954 980 3013 dammodo
1031 2958 1480 3029 consanguinei
1525 2956 1709 3011 vestri
1754 2972 1885 3011 esse
1930 2954 2295 3023 videantur,
2358 2962 2588 3033 quanto

628 3020 874 3099 justius
904 3024 1049 3098 suit
1081 3024 1541 3097 Rhegiensibus
1576 3022 1762 3078 Italis
1796 3024 2007 3093 parci,
2070 3024 2179 3095 qui
2198 3026 2368 3081 ’cives
2405 3022 2589 3079 vestri

629 3092 950 3165 suerunt?
1002 3094 1138 3169 Qua
1165 3094 1229 3146 in
1269 3090 1415 3147 urbe
1452 3090 1877 3163 recuperanda
1912 3110 2101 3163 quum
2128 3108 2159 3145 e
2209 3112 2245 3146 ο
2275 3111 2377 3148 vos
2408 3092 2587 3146 auxi-

645 3162 753 3221 liis
788 3170 848 3217 et
883 3168 1232 3217 commeatu
1253 3158 1581 3232 juvarem,
1621 3156 1900 3213 divinare
1936 3156 2125 3215 debui
2142 3106 2443 3231 futurum
2462 3196 2479 3227 ‚
2518 3163 2587 3213 ut

645 3226 989 3303 aliquando
1025 3248 1120 3283 me
1172 3247 1292 3282 non
1328 3226 1586 3283 leviores
1623 3226 1695 3279 ob
1736 3244 1989 3281 caussas
2025 3228 2386 3283 Messanam
2428 3228 2584 3283 obsi-

340 3282 594 3365 R‘W’ffl‘h,
645 3296 891 3356 dentem
925 3296 1378 3370 prohiberetis?
1428 3294 1554 3351 Sed
1588 3292 1737 3362 quid
1772 3310 1889 3366 ego
1924 3294 2141 3348 multis
2170 3312 2327 3371 ago,
2362 3294 2589 3351 Roma-

307 3355 618 3431 rymambae-
639 3368 710 3421 ni
735 3368 762 3423 ?
817 3368 977 3421 Nam
1012 3364 1327 3439 profecto,
1363 3364 1421 3417 si
1455 3378 1639 3435 penes
1674 3380 1775 3417 vos
1813 3362 2029 3431 aliqua
2067 3362 2270 3417 adhuc
2289 3362 2459 3428 fidei
2477 3362 2581 3433 fa-

303 3431 378 3469 Μ
431 3422 547 3469 '‘⁴¹“
643 3452 900 3502 maeque
925 3452 1076 3487 cura
1095 3470 1113 3501 ,
1161 3433 1216 3485 si
1279 3432 1375 3486 uis
1399 3430 1642 3485 honesti
1672 3430 2065 3495 intellectus,
2102 3432 2157 3484 si
2188 3430 2449 3503 denique
2480 3450 2584 3503 p,u-

303 3488 478 3567 “Juffi'
510 3488 616 3564 ''f'‘
644 3500 759 3557 dor
792 3510 1104 3574 superest,
1145 3448 1437 3556 dugitare
1472 3514 1593 3553 non
1628 3496 1851 3563 debeo,
1888 3499 2036 3571 quin
2068 3518 2197 3563 me,
2252 3490 2380 3555 tam
2406 3496 2582 3571 justa

299 3554 346 3603 ¹¹
365 3554 559 3607 5⁸⁶⁸!st
643 3576 950 3625 tenentem
989 3586 1202 3631 arma,
1257 3567 1473 3624 vestris
1510 3564 1744 3620 viribus
1780 3562 2069 3637 adjuturi
2102 3568 2346 3639 potius,
2400 3585 2581 3649 quam

641 3636 1038 3709 impedituri,
1089 3637 1251 3691 sitis.
1313 3637 1412 3691 sin
1464 3652 1601 3687 vero
1636 3632 1789 3689 haec
1827 3632 1993 3687 vobis
2030 3633 2190 3689 levia
2229 3634 2418 3691 viden
2458 3654 2581 3691 coe-

639 3712 894 3777 perunt,
935 3711 1182 3757 eve-ntus
1221 3701 1471 3779 quidem
1508 3718 1824 3773 armorum
1858 3702 2131 3755 incertus
2167 3712 2258 3757 est
2270 3722 2293 3771 ‚-
2328 3703 2437 3758 sed
2466 3704 2577 3759 'hoc

642 3778 826 3846 longe
864 3772 1307 3839 certissimum,
1355 3786 1565 3825 omnes
1602 3766 1827 3855 ubique
1862 3770 2162 3826 mortales
2201 3772 2581 3842 apertissime

640 3840 1000 3913 cognituros
1036 3856 1196 3905 esse,
1256 3858 1382 3894 non
1429 3838 1570 3892 ulla
1594 3834 1763 3907 juris
1798 3846 1913 3891 aut
1948 3840 2136 3911 aequi
2166 3843 2365 3911 specie
2388 3874 2405 3905 ,
2464 3858 2577 3893 non

641 3912 714 3967 οὺ
747 3915 1031 3977 acceptas
1053 3906 1323 3980 injurias
1341 3942 1360 3975 ,
1451 3904 1574 3959 uod
1600 3906 1826 3985 nejpsi
1852 3902 2100 3978 quidem
2128 3908 2379 3963 audetis
2404 3924 2574 3979 prae-

639 3988 882 4037 texere,
939 3976 1122 4032 nulla
1156 3976 1351 4032 etiam
1468 3980 1919 4029 amertinorum
1954 3974 2425 4044 misericordia,
2476 3972 2576 4029 sed

703 4110 784 4165 Ca
832 4148 850 4165 .
883 4113 1052 4168 XXX.
1103 4108 1292 4182 Supra
1322 4110 1408 4176 15,
1437 4127 1489 4163 ι.
1562 4108 1707 4182 cap.
1732 4108 1933 4165 XXXI.
1986 4103 2165 4163 Diod.
2196 4108 2398 4181 Eclog.
2430 4106 2471 4161 1.
2494 4124 2572 4165 αι.

637 4181 786 4253 Cap.
853 4180 1028 4237 xxn.
1085 4176 1263 4235 Diod.
1294 4176 1661 4252 Eclog.l.23.
