2859 4717
656 306 747 373 ΙΝ
772 304 1085 385 ΙῙιθΰῐΠΕ
1124 306 1289 381 Lm,
1328 304 1506 371 XIV.
1547 304 1773 371 an·
2105 322 2184 388 91
2256 248 2264 257 ·

234 513 417 575 tibus
437 556 455 587 ,
498 535 647 577 mox
682 516 755 577 in
782 512 1145 602 periculum
1173 510 1345 573 haud
1374 509 1914 575 contemnendum
1933 511 2188 574 incidit.
2247 513 2318 569 U.
2334 530 2387 597 ς.
2400 513 2524 597 47⁸7.

236 594 455 679 Quum
482 598 655 659 enim
695 618 818 681 per
850 597 991 657 loca
1025 612 1219 657 caeca
1248 610 1315 657 et
1344 594 1616 657 saltibus
1649 593 1958 677 impedita
1991 592 2190 655 duce·-
2221 584 2481 704 ffmdm!

234 690 346 737 ret
366 718 385 749 ,
450 680 659 741 coorti
694 698 779 740 ex
812 675 1058 739 infidiis
1090 675 1303 740 hostes
1330 677 1760 739 turbaverunt
1789 675 2192 737 novissimum
2279 664 2502 705 ‘mm‘

236 776 491 840 agmen‚
524 761 889 847 multosque
908 760 1151 822 milites
1172 779 1319 821 cum
1334 758 1590 821 duobus
1619 756 1982 843 elephantis
2001 776 2194 842 pere·
2217 737 2425 858 ἕῖᾧῗῧ.
2443 736 2530 840 ‘f-

235 855 517 903 meruah
1743 868 1750 881 “
2223 858 2418 911 Italia.

358 948 559 1011 xxn.
603 950 763 1011 Erat
800 968 1015 1033 neque
1051 968 1295 1034 genere
1340 946 1762 1023 bellatorum,
1825 966 1909 1009 nc
1957 964 2198 1006 ue0nu-

234 1046 425 1090 mero
460 1031 822 1117 spernenda
852 1052 1101 1104 manus,
1145 1030 1373 1094 decem
1406 1030 1578 1092 haud
1601 1030 1813 1092 minus
1847 1028 1934 1089 mi
1961 1027 2045 1087 lia
2077 1024 2197 1085 bo-

238 1112 483 1173 minum
522 1113 589 1173 in
631 1115 822 1176 armis
871 1113 1403 1188 exercitatorum,
1463 1112 1835 1174 Mamertini
1869 1108 2039 1195 pleri
2093 1127 2195 1168 ue.

235 1192 329 1255 Hi
360 1194 569 1271 enim,
614 1195 757 1259 Rhe
805 1197 1057 1258 inorum
1090 1196 1371 1275 amicitia
1414 1208 1478 1257 et
1516 1195 1902 1279 cognatione
1943 1210 2064 1252 con
2117 1190 2199 1263 si,

232 1273 577 1339 intellecto
604 1281 773 1360 Pyrr
818 1300 924 1341 um
958 1278 1025 1338 in
1055 1279 1297 1341 ltaliam
1334 1280 1584 1341 reverti
1626 1274 2034 1345 constituisse,
2067 1272 2205 1333 fre-

236 1368 376 1419 tum
408 1360 670 1443 priores
712 1361 1217 1444 transjecerant‚
1281 1374 1348 1423 et
1392 1382 1510 1445 spe
1549 1358 1830 1445 praedae
1859 1358 1927 1417 in
1959 1375 2203 1439 oppor-

236 1438 414 1500 tunis
446 1440 527 1501 ad
562 1443 834 1504 subitam
873 1442 1301 1527 irruptionem
1334 1444 1502 1504 locis
1534 1442 1978 1503 consederant.
2023 1440 2096 1497 ln
2124 1456 2204 1497 eo
2413 1503 2427 1517 ,

241 1520 596 1583 certamine
631 1546 826 1607 quum
860 1544 984 1608 pro
1024 1524 1213 1583 solita
1248 1522 1511 1585 audacia
1547 1522 1838 1603 Pyrrhus
1875 1532 2021 1581 ante
2063 1518 2202 1602 pri·
2251 1504 2354 1561 S'd
2370 1512 2537 1558 *ΜΨ

241 1618 345 1659 ma
369 1600 551 1683 signa
570 1620 908 1687 pugnaret,
941 1606 1009 1664 in
1047 1602 1256 1697 capite
1300 1605 1533 1665 vulnus
1570 1602 1842 1685 accepit.
1899 1598 2004 1660 Ad
2034 1596 2206 1683 quod
2230 1587 2392 1695 ἐἷς
2410 1586 2558 1624 ''⁶⁸‘'

244 1679 663 1764 obligandum
696 1706 890 1768 quum
922 1706 1000 1745 ex
1034 1702 1173 1743 acie
1202 1683 1563 1769 paullisper
1599 1680 1999 1753 secessiss'et,
2065 1678 2208 1762 qui-
2230 1660 2269 1712 9
2387 1675 2405 1693 ‘

242 1760 393 1822 dam
421 1760 727 1840 hostium,
772 1764 1211 1849 magnitudine
1246 1765 1549 1849 corporis
1582 1778 1648 1825 ct
1684 1781 2006 1823 armorum
2037 1759 2214 1820 cultu

244 1842 671 1927 conspicuus,
718 1846 915 1941 longe
962 1860 1107 1908 ante
1154 1847 1318 1909 alios
1355 1864 1804 1945 procurrens,
1850 1841 2034 1902 incre
2083 1839 2214 1901 avit

244 1944 393 1987 eum
426 1925 589 1987 elata
622 1948 807 2000 voce,
852 1928 1151 2013 Jussitque
1178 1928 1473 2013 produ-e,
1522 1929 1578 1990 si
1607 1926 1886 1990 viveret.
1931 1922 2027 2005 lbi
2105 1942 2210 2003 yr-

240 2004 403 2073 rhus
444 2006 675 2071 ardens
702 2010 822 2081 ira,
867 2008 1133 2093 visuque
1176 2022 1242 2071 et
1279 2024 1572 2073 manante
1603 2027 1728 2093 per
1759 2005 1992 2068 faciem
2022 2022 2212 2065 cruo-

240 2108 321 2149 re
344 2088 661 2151 terribilis
690 2133 707 2163 ‚
752 2090 1063 2174 impetum
1090 2090 1156 2152 in
1192 2105 1691 2177 provocatorem
1714 2132 1731 2163 ,
1778 2084 2005 2149 frustra
2051 2084 2211 2146 reti-

247 2169 553 2233 nentibus
591 2171 763 2245 suis,
826 2171 1063 2234 vertit:
1127 2186 1638 2258 occupatumque
1681 2172 1854 2231 illata
1905 2169 1973 2229 in
2022 2176 2214 2250 caput

247 2250 437 2335 plaga
470 2250 840 2335 prosternit.
899 2256 1255 2317 Memoriae
1296 2252 1630 2337 proditum
1670 2248 1794 2327 est,
1840 2270 1980 2312 eam
2011 2246 2213 2335 gladii

248 2333 635 2416 temperiem
666 2377 683 2408 ‚
746 2354 885 2396 eam
932 2356 1015 2396 ue
1071 2336 1201 2399 vim
1242 2335 1546 2397 ferientis
1579 2334 1805 2405 fuisse,
1875 2347 1946 2393 ut
1973 2374 1991 2405 ,
2065 2326 2210 2389 infi-
2272 2322 2478 2409 Pyrrhi,

249 2432 423 2473 mum
444 2414 524 2475 ad
544 2434 780 2499 corpus
813 2437 899 2478 vu
928 2436 1085 2479 nere
1115 2418 1520 2489 continuato,
1566 2414 1858 2500 partibus
1886 2411 2212 2495 utrimque
2233 2404 2555 2517 1²“82u'm

252 2492 687 2559 dilabentibus
707 2538 724 2569 ‚
768 2498 1055 2559 medium
1072 2498 1401 2561 hominem
1433 2496 1664 2558 eodem
1687 2498 1821 2557 ictu
1851 2491 2212 2554 diffecaret.
2237 2476 2360 2517 “¹²
2397 2480 2484 2515 ’ν’

248 2573 409 2656 Ejus
460 2580 813 2661 spectaculi
849 2578 1045 2641 foeda
1082 2580 1367 2643 novitate
1410 2578 1702 2664 perculsi
1735 2574 1950 2637 hostes
1975 2616 1992 2647 ‚
2040 2588 2106 2635 et
2145 2584 2218 2633 ut

252 2656 564 2739 majorem
596 2661 917 2721 communi
944 2660 1276 2724 hominum
1307 2675 1486 2725 sorte
1518 2660 1730 2741 virum
1754 2656 2056 2729 reveriti,
2093 2677 2215 2742 Pu·

252 2758 443 2823 gnam
482 2739 855 2803 omiserunt.

384 2873 612 2933 xxm.
661 2872 985 2953 Pyrrhus,
1054 2872 1175 2937 hac
1220 2872 1506 2935 molestia
1549 2870 1838 2944 solutus,
1897 2891 2030 2933 non
2063 2869 2218 2933 ideo

250 2952 489 3013 laetior
510 2953 759 3037 agebat.
844 2952 1039 3048 Quod
1068 2956 1240 3017 enim
1280 2976 1433 3043 pars
1467 2954 1555 3015 im
1605 2950 2073 3015 edimentorum
2099 2950 2220 3015 isto

258 3033 519 3119 proelio
550 3036 763 3097 amiss'a
800 3049 974 3109 erat,
1022 3050 1090 3099 et
1123 3058 1283 3123 opes
1312 3056 1393 3098 ex
1428 3036 1566 3098 Sici
1594 3034 1696 3097 iae
1733 3036 1964 3119 spoliis
2001 3050 2218 3121 partas

256 3115 503 3202 prioris
539 3136 685 3179 cum
710 3120 937 3179 Poeno
1016 3140 1055 3179 u
1103 3140 1223 3181 nae
1264 3117 1444 3181 casus
1470 3119 1941 3200 interceperat3
1985 3118 2052 3179 in
2087 3137 2218 3178 ma-

256 3218 382 3281 gna
412 3199 514 3260 rei
540 3200 935 3261 nummariae
1008 3201 1029 3261 i
1086 3201 1346 3263 icultate
1368 3243 1384 3274 ‚
1431 3218 1628 3285 quum
1707 3198 2080 3261 oscentibus
2114 3196 2219 3258 sti-

254 3280 497 3363 pendia
534 3280 846 3343 militibus
880 3300 1011 3343 non
1048 3284 1239 3355 ciret,
1284 3286 1456 3346 unde
1489 3300 1648 3365 prae
1697 3292 1998 3352 crentur,
2043 3278 2218 3339 dica·

256 3374 361 3425 tos
389 3364 831 3447 Proserpinae
862 3362 1199 3426 thesauros
1220 3365 1508 3463 spoliare
1524 3377 1784 3425 coaetus
1807 3359 1913 3422 est.
1973 3362 2218 3421 Fanum
2277 3380 2556 3453 Proserpi·

256 3442 423 3505 illud
459 3444 630 3541 apud
670 3446 1031 3509 Locrenses
1082 3446 1395 3529 opimone
1450 3443 1806 3509 sanctitatis
1857 3442 2218 3504 celeberri-
2243 3455 2560 3506 „aethern-

258 3544 435 3586 mum
458 3526 543 3586 its
578 3525 983 3612 temporibus
1011 3528 1158 3588 fuit.
1216 3528 1425 3626 Quam
1468 3527 1796 3589 civitatem
1831 3544 2028 3610 quum
2056 3528 2219 3607 Pyr..
2244 3524 2303 3575 ru·
2319 3523 2554 3593 spolian-

256 3606 456 3681 rhus‚
518 3609 812 3670 animatis
858 3610 1221 3691 praesentia
1256 3630 1369 3671 sua
1413 3610 1638 3692 regiae
1671 3606 1976 3669 factionis
2011 3606 2220 3669 homi·
2243 3588 2544 3659 ‘⁸7⁰P5'·

257 3688 450 3750 nibus
472 3731 489 3762 ,
532 3691 915 3787 recepi-Iret,
964 3692 1161 3752 multa
1200 3692 1270 3751 in
1312 3689 1674 3753 Locrenses
1711 3688 1906 3750 foeda
1932 3682 2224 3749 facinora
2247 3662 2368 3714 '¹⁵⁰⁰

262 3770 511 3844 edidit,
571 3774 869 3856 cupidius
908 3787 977 3835 et
1012 3772 1245 3845 latius,
1300 3786 1500 3855 'quam
1538 3770 1870 3833 interfecti
1905 3768 2223 3853 praesidii
2273 3832 2298 3845 ,

260 3850 610 3935 postularet
643 3856 805 3917 ultio
826 3899 844 3929 ‚
890 3854 1205 3918 oaedibus⁴
1229 3867 1295 3915 et
1327 3856 1578 3938 rapinis
1619 3856 1688 3915 in
1725 3852 2001 3915 miseros
2039 3872 2225 3935 gras-

266 3948 464 3999 satus.
550 3932 889 4020 Postquam
930 3951 1142 4002 autem
1188 3935 1352 3998 nihil
1409 3948 1786 4020 supererat,
1851 3933 2028 4021 quod
2065 3952 2221 3995 con-

264 4130 271 4137 .
334 4062 647 4166 eninm.
686 4093 837 4149 mun
870 4094 926 4147 in
944 4096 1194 4165 pyum-110.
1214 4060 1382 4153 0532
1447 4096 1804 4169 cap.xxu.
1846 4092 2053 4165 Polyb.
2089 4090 2220 4159 ns.

262 4162 417 4217 mut.
493 4164 643 4233 Gap.
678 4164 887 4218 xxm.
920 4163 1075 4220 Dion
1116 4186 1163 4220 s.
1206 4166 1362 4238 apud
1378 4166 1578 4222 Vales.
1623 4166 1855 4235 Liv.s9,
1881 4163 1965 4218 18.
2003 4161 2218 4235 Appia-

258 4230 549 4307 uusapud
569 4232 769 4291 Valeo.
802 4232 917 4287 Dio
934 4252 1007 4308 ap
1108 4236 1310 4294 Vales-
