2859 4717
85 543 105 560 κ
316 513 387 567 U.
410 529 461 566 e.
482 513 605 582 494.

366 581 433 634 L.
451 583 639 634 Com·

327 653 441 700 Iius
510 649 638 701 Sar-

324 717 418 768 dos
438 729 486 767 et
504 719 635 769 Car·

320 787 617 854 ehage‘nim·

322 857 402 906 sis
420 854 604 910 vincit.

668 297 780 362 ὡς
826 295 1375 360 FREINSHEMII
1402 285 2217 357 SUPPLEMENTORUM
2257 288 2406 350 Lm.
2430 287 2574 356 Vn.

662 419 2616 460 ———--—--,--*--—-—-—--·-·-—---·--·---—--

784 505 926 564 XX.
986 503 1266 565 Facilius
1304 500 1494 562 alteri
1538 496 1784 580 consuli
1816 495 2054 558 bellum
2091 516 2236 557 cum
2277 493 2504 557 Sardis
2543 507 2616 556 et

668 583 1302 680 Carthaginiensibus
1350 581 1428 642 ad
1477 581 1734 644 Olbiam
1760 577 1906 658 fuit.
1971 597 2099 672 quo
2135 575 2434 639 reversus
2461 595 2614 638 cum

666 667 1065 728 auctioribus
1093 662 1335 746 copiis,
1378 663 1760 724 Hannonem
1788 661 2068 731 invenit,
2113 676 2328 740 quem,
2359 657 2614 717 Hanni-

662 747 804 808 bale
834 761 1083 815 remoto
1104 787 1123 819 ‚
1167 741 1720 826 Carthaginienses
1749 740 1944 802 rebus
1981 739 2318 800 maritimis
2349 737 2614 820 praefe-

660 842 905 890 cerant.
948 823 1168 911 Pugna
1199 824 1564 886 vehementi
1593 821 1777 892 facta,
1801 823 2028 883 Hanno
2049 820 2388 882 fortiss'ime
2416 817 2608 880 dimi·

660 928 850 981 cans,
896 929 1089 992 quum
1125 906 1297 970 vinci
1326 925 1481 968 suos
1511 904 1801 977 videret,
1849 903 1918 963 in
1951 901 2449 964 confertiffimos
2485 899 2610 962 ho·-

658 988 781 1054 stes
816 991 1078 1051 irruens
1116 984 1500 1049 interfectus
1528 982 1616 1046 cst
1643 1027 1661 1058 ‚
1719 997 2116 1069 sequutaque
2155 981 2384 1078 oppidi
2421 980 2607 1043 dedi-

533 1125 539 1130 .
656 1073 775 1134 tio.
841 1070 1074 1134 Consul
1113 1067 1423 1132 victoriae
1458 1065 1688 1128 famam
1715 1069 1906 1127 etiam
1931 1064 2340 1126 humanitatis
2375 1062 2607 1125 adver-

659 1173 770 1214 sus
798 1149 1039 1212 hostem
1068 1148 1291 1234 insigni
1324 1147 1710 1210 documento
1745 1125 2098 1208 ilecoravit.
2138 1165 2286 1206 nam
2323 1165 2362 1206 e
2389 1142 2604 1206 taber·-

523 1229 533 1240 *
655 1233 888 1294 naculo
920 1252 1037 1293 suo
1060 1251 1297 1324 corpus
1328 1228 1666 1290 Hannonis
1696 1225 2100 1289 efferendum
2131 1225 2381 1288 curavit
2404 1267 2420 1299 ,
2471 1247 2602 1286 am-

346 1767 622 1838 Ser-uge-

306 1853 395 1888 nm
416 1835 625 1892 L.Cor·

294 3114 582 3248 xia-⁴123:

276 3249 613 3322 C.Snlpicio

350 3335 499 3374 coss.

500 3465 533 3484 d

653 1313 925 1398 plasque
952 1303 1082 1395 ipsi
1112 1312 1273 1374 fecit
1301 1309 1634 1406 exsequias
1660 1351 1678 1382 ,
1746 1309 2126 1382 cess'antihus
2159 1305 2295 1392 post
2331 1321 2608 1369 mortem

656 1393 866 1465 odiis,
916 1393 1217 1458 virtutem
1250 1391 1443 1454 etiam
1487 1412 1556 1453 in
1593 1388 1768 1454 hoste
1795 1389 2233 1454 honorandam
2261 1389 2388 1452 effe
2421 1403 2605 1452 recte

650 1471 967 1557 judicans.

770 1557 941 1616 XXI.
988 1553 1143 1617 Inde
1187 1552 1476 1618 recentis
1514 1553 1829 1616 victoriae
1865 1565 2190 1614 terrorem
2224 1551 2604 1615 exolescere

650 1658 780 1698 non
813 1637 1045 1722 palsas,
1088 1637 1318 1698 multas
1350 1649 1413 1698 et
1443 1637 1598 1700 alias
1632 1633 1965 1698 Sardiniae
1995 1632 2190 1698 urbes
2221 1633 2606 1718 cepit,‘con-

651 1718 803 1781 silio
833 1716 1115 1802 doloque
1152 1718 1456 1779 virtutem
1493 1717 1817 1798 adjuvans.
1886 1715 2151 1778 Solebat
2186 1715 2360 1778 enim
2383 1729 2604 1788 noctu,

648 1800 727 1861 ad
776 1799 907 1860 ulsa
938 1799 1117 1861 litori
1152 1797 1363 1872 claffe,
1410 1798 1704 1862 delectos
1738 1819 1816 1860 ex
1845 1795 2235 1860 'cohortibus
2256 1795 2426 1858 haud
2447 1818 2607 1880 pro-

646 1823 1290 2022 fxfufflafixoe
1306 1876 2604 2024 322133350533235122“maazi-

646 2039 857 2102 donee
892 2039 973 2100 ad
1014 2041 1181 2124 ipsas
1215 1983 1419 2102 {ebes
1461 1982 1856 2126 subgretrusp
1865 2001 2086 2102 consul
2126 1983 2484 2126 opplidano·
2529 2001 2602 2102 ini

647 2141 818 2181 arma
856 2121 1216 2206 compulsos
1250 2121 1656 2184 simulatione
1685 2123 1878 2206 fugae
1905 2122 2166 2207 longius
2195 2143 2228 2184 a
2257 2121 2600 2186 moenibus

646 2203 981 2264 elicuiss'et.
1049 2214 1186 2263 tum
1213 2202 1332 2275 illi,
1382 2201 1804 2266 advenientes
1839 2203 2062 2275 cursu,
2113 2223 2343 2266 vacuas
2369 2202 2599 2265 defen·

646 2283 908 2347 sot-ibus
939 2281 1135 2345 urbes
1157 2282 1516 2368 capiebant.
1577 2304 1657 2347 co
1676 2283 1802 2349 astu
1831 2285 2197 2371 complures
2231 2283 2297 2345 in
2325 2283 2599 2368 potesta-

645 2379 777 2428 tem
804 2383 1080 2426 venere:
1125 2373 1494 2449 tantumque
1519 2366 1840 2429 vincendo
1861 2368 2223 2450 process'um
2248 2363 2356 2440 est,
2384 2379 2456 2428 ut
2481 2387 2596 2429 ne·

648 2465 773 2530 que
808 2446 875 2505 in
910 2443 1157 2508 Corfica
1188 2465 1401 2530 neque
1435 2446 1503 2506 in
1543 2448 1839 2509 Sardinia
1876 2451 2246 2509 Poenorum
2269 2447 2598 2510 exercitus

646 2524 996 2588 consistere
1010 2527 1279 2610 possent.
1324 2526 1468 2620 Qua
1493 2527 1576 2589 de
1595 2531 1796 2592 cauffa
1824 2528 2084 2592 minime
2108 2527 2458 2591 dubitatum
2481 2527 2596 2603 est,

647 2609 802 2691 quin
836 2609 1105 2686 Romam
1134 2629 1405 2672 reverso
1438 2609 1799 2694 triumphus
1833 2611 2242 2694 ampliffimus
2281 2609 2596 2672 decerne-

647 2703 847 2752 retur.
912 2687 1329 2786 triumphavit
1368 2689 1451 2753 tle
1497 2691 1742 2754 Poenis
1789 2705 1856 2754 et
1900 2691 2196 2754 Sardinia
2239 2705 2304 2754 et
2343 2691 2594 2752 Corsica

643 2784 793 2830 ante
814 2768 987 2832 diem
1016 2784 1305 2854 quintum
1339 2770 1490 2833 ldus
1521 2771 1808 2846 Martias,
1854 2792 2048 2857 quum
2075 2793 2361 2855 magnam
2393 2792 2472 2833 ex
2494 2774 2594 2833 in-

645 2851 805 2946 sulis
848 2848 981 2912 istis
1022 2849 1325 2934 praedam
1365 2867 1433 2916 et
1481 2853 1677 2916 multa
1711 2853 1912 2915 millia
1948 2854 2347 2938 captivorum
2393 2853 2590 2915 addu-

643 2945 964 3073 Χηῗξίῌ.
1019 3012 1107 3074 At
1138 3014 1208 3100 in
1245 3013 1472 3075 Sicilia
1501 3015 1573 3076 C.
1602 3015 1838 3077 Florus
1863 3015 2248 3099 proconsule
2279 2989 2590 3095 Mytistra-

642 3106 777 3155 tum
808 3091 1133 3155 obfidebat
1155 3136 1172 3165 ,
1216 3094 1430 3156 locum
1477 3097 1790 3159 munitum
1809 3140 1829 3170 ,
1889 3108 1955 3158 et
1995 3099 2196 3158 semel
2224 3099 2590 3179 iterumque

646 3171 873 3236 frustra
898 3187 1224 3236 tentatum.
1293 3180 1390 3238 Ne
1416 3190 1553 3237 tum
1624 3178 1842 3239 uidem
1867 3177 2050 3262 prius
2077 3178 2432 3262 expugnari
2467 3195 2592 3259 po-

640 3256 793 3330 tuit,
854 3277 1043 3341 quam
1088 3275 1291 3317 novus
1329 3258 1549 3318 consul
1581 3199 1660 3320 Ἄ.
1697 3260 1934 3322 Atilius
1970 3260 2048 3320 A.
2083 3262 2160 3320 F.
2198 3261 2268 3320 C.
2301 3263 2378 3320 N.
2409 3257 2591 3320 Cala-

641 3337 814 3400 tinus
846 3337 1121 3400 veniret.
1198 3335 1349 3398 huic
1386 3339 1560 3399 enim
1591 3340 1814 3402 Sicilia
1851 3340 2228 3425 provincia3
2299 3339 2592 3422 collegae

642 3419 781 3500 ejus
816 3421 887 3480 C.
924 3419 1217 3502 Sulpicio
1250 3417 1331 3502 Q.
1368 3419 1440 3483 F.
1471 3417 1554 3515 Q.
1602 3427 1680 3484 N.
1719 3423 2067 3485 Paterculo
2107 3421 2314 3484 claffis
2345 3438 2587 3482 evene-

641 3511 760 3559 rat.
818 3500 893 3574 li,
924 3499 1099 3583 quod
1120 3501 1423 3562 Panormi
1444 3501 2066 3586 Carthaginiensium
2085 3503 2356 3566 hiberna
2379 3513 2583 3573 erant,

640 3599 786 3640 eum
820 3581 1117 3642 omnibus
1150 3581 1359 3664 copiis
1400 3602 1481 3644 eo
1509 3581 1814 3668 profecti,
1865 3585 2004 3646 acie
2039 3582 2340 3646 instructa
2361 3581 2586 3645 fecere

635 3662 965 3745 pugnandi
1002 3663 1254 3748 copiam
1282 3659 1593 3726 hostibus.
1664 3665 1817 3737 sed,
1856 3667 2113 3728 nemine
2143 3679 2368 3728 contra
2386 3662 2587 3748 prod-

636 3755 830 3804 eunte
854 3784 871 3816 ,
914 3743 1001 3803 Hi
1049 3763 1273 3826 panam
1296 3744 1664 3828 petierunt:
1715 3767 1878 3830 quae
1909 3748 2066 3808 urbs
2106 3767 2184 3810 ex
2212 3747 2450 3808 itinere
2471 3763 2588 3830 op·

634 3838 947 3907 pugnata,
992 3765 1319 3908 Katimque
1353 3840 1534 3909 capta
1564 3824 1670 3888 est.
1740 3827 1980 3889 Inde-M
2021 3825 2327 3890 tistratum
2357 3843 2588 3910 perre-

636 3903 731 3966 xit
764 3905 1037 3977 Atilius,
1084 3927 1271 3990 quam
1302 3907 1540 3969 acriter
1573 3907 1900 3970 defensam
1935 3930 1969 3969 a
2051 3923 2407 3982 extremum
2435 3907 2587 3969 fati-

708 4053 853 4126 Cap.
870 4055 991 4110 XX.
1030 4057 1200 4110 Oros.
1221 4059 1273 4124 ⁴,
1288 4073 1345 4124 7.
1378 4059 1514 4114 Val.
1531 4059 1682 4114 Max.
1705 4060 1758 4126 ὅ,
1785 4075 1832 4124 1,
1854 4077 1906 4114 ο.
1927 4055 2031 4114 sil.
2052 4057 2182 4114 Ital.
2198 4061 2393 4124 ⁶‚671.
2429 4057 2582 4130 Cap.

637 4123 786 4178 xx1.
824 4123 1091 4178 Frontin.
1110 4126 1163 4192 3,
1176 4143 1231 4196 9,
1247 4135 1305 4180 et
1321 4143 1405 4182 ιο.
1440 4129 1604 4183 Flor.
1625 4147 1676 4196 a,
1697 4147 1750 4183 a.
1769 4127 1914 4182 Fasti
1934 4129 2014 4182 Ga
2059 4125 2450 4198 itol.Eutrop.
2467 4126 2512 4180 l.
2529 4144 2588 4184 a·

638 4191 979 4266 Cap-XXII.
1016 4195 1297 4252 Zonaras.
1313 4192 1568 4270 Diodor.
1587 4197 1872 4256 zonam.
1887 4195 2030 4270 1’015
2075 4231 2098 4256 .
2117 4215 2168 4268 ι,
2184 4200 2271 4268 ⁸4·
2288 4195 2596 4266 Zonaras„
