2859 4717
635 307 754 351 220
807 281 1366 378 rmiusnmuu
1388 277 2213 347 cormeum-roem
2242 279 2391 341 Lm.
2408 279 2517 340 tx.

297 491 578 558 U·c·5⁰4·
631 493 847 555 locum
890 491 1064 577 capit
1085 533 1104 564 ,
1147 491 1238 553 ita
1285 490 1515 563 situm,
1566 503 1638 550 nt
1676 487 1830 572 inde
1870 489 2119 574 pariter
2144 485 2216 547 in
2240 497 2580 568 utramque

537 665 546 676 ,
627 577 1064 636 Romanorum
1101 571 1355 636 claffem
1395 571 1679 632 intentus
1714 572 1842 633 ess'e
1878 570 2101 655 posset.

747 679 1007 744 xxvn.
1062 683 1290 762 Neque
1327 676 1529 737 multo
1616 675 1705 740 ost
1754 679 1964 740 ventis
2004 675 2325 754 violenter
2366 667 2581 731 ssanti-

631 761 778 834 bus,
824 781 1014 846 quum
1043 758 1328 845 ingentis
1353 770 1483 818 tem
1532 779 1567 820 e
1620 758 1739 844 atis
1769 759 1949 842 signa
1976 749 2585 838 Carthaginiensium

629 843 1136 926 gubernatores,
1195 859 1414 901 rerum
1451 839 1473 899 i
1527 861 1703 900 arum
1742 840 1982 925 periti,
2039 837 2375 906 vidiss'cnt,
2424 835 2579 894 Car-

629 922 874 984 thaloni
899 921 1388 1006 persuaserunt,
1451 921 1545 981 uti
1580 921 1805 983 relicta
1833 963 1849 995 ,
1898 940 2081 1004 quam
2115 928 2377 1002 ceperat
2400 957 2417 988 ,
2461 909 2579 973 sta-

630 1005 808 1066 tione
839 1003 1011 1066 Pacb
1099 1025 1204 1066 um
1243 999 1559 1063 flecteret.
1647 1002 1735 1063 ita
1765 1022 1886 1063 nec
1923 1001 2063 1062 sine
2090 1016 2319 1082 magno
2356 993 2581 1056 labore

331 1098 565 1151 cusum
631 1085 762 1161 virm
789 1099 1005 1170 tempe
1059 1086 1178 1148 atis
1205 1084 1449 1144 Punica
1482 1082 1688 1144 class'is
1720 1081 1971 1166 effugit.
2043 1085 2127 1142 At
2145 1083 2583 1140 Romanorum

291 1167 583 1247 “ufrqgt'o
631 1181 903 1250 utraque
933 1166 1141 1233 elass'ia
1162 1209 1179 1239 ,
1222 1165 1394 1226 inter
1417 1184 1563 1226 saxa
1594 1177 1938 1248 cautesque
1974 1160 2399 1246 deprehensa,
2430 1157 2581 1216 fun-

295 1245 530 1290 “u‘m-
631 1247 806 1309 ditus
838 1246 1090 1310 interiit
1109 1289 1126 1320 ,
1170 1247 1377 1308 uti-ne
1407 1245 1616 1307 tabula
1645 1245 1904 1328 quidem
1940 1245 2064 1306 ulla
2101 1243 2291 1303 ullius
2320 1239 2469 1322 uss'ua
2500 1255 2584 1298 ex

631 1327 967 1413 naufragio
997 1329 1246 1413 reliqua
1271 1326 1457 1388 fuiss'e
1494 1326 1827 1404 credatur3
1872 1325 2115 1386 duabus
2149 1318 2437 1405 exceptis
2466 1327 2582 1378 na·-

631 1409 842 1480 vibus,
885 1409 1120 1493 quibua
1146 1407 1356 1492 postea
1391 1408 1643 1479 consul,
1688 1407 1980 1492 reliquos
2017 1427 2097 1467 ex
2131 1425 2205 1466 ea
2242 1401 2423 1465 clade
2454 1398 2581 1459 mi·
2662 1457 2671 1466 ,

632 1491 783 1552 lites
820 1491 1230 1575 remigesque
1267 1507 1484 1550 secum
1520 1489 1796 1563 ducens,
1857 1489 2225 1569 Lilybaeum
2252 1480 2577 1568 pervenit.

630 1571 776 1634 Hoc
803 1572 1142 1654 naufragio
1177 1589 1371 1631 naves
1393 1613 1410 1642 ,
1457 1591 1618 1655 quae
1664 1589 1971 1630 annonam
2010 1567 2349 1664 portabant
2373 1607 2390 1636 ,
2442 1581 2580 1623 om-

629 1672 770 1724 nes,
808 1653 1035 1736 longas
1070 1673 1262 1735 supra
1293 1665 1549 1713 centum
1579 1651 1839 1735 periiffe
1874 1649 2194 1712 traditum.
2252 1643 2579 1708 exercitus

626 1745 839 1796 tamen
873 1747 1124 1795 servata
1164 1751 1313 1818 pars
1349 1731 1469 1806 est,
1512 1734 1731 1795 multis
1758 1735 1830 1794 in
1858 1732 2071 1796 vicina
2096 1731 2290 1792 litora
2318 1739 2581 1790 matan-

629 1815 804 1878 tibus
839 1814 1169 1894 ejectisve.
1613 1877 1621 1882 ,

327 1930 581 1996 Simus,
753 1921 1039 1982 XXVIII.
1093 1919 1178 1981 At
1216 1933 1509 1992 senatus,
1622 1919 1689 2000 ui
1725 1919 1941 2002 paullo
1984 1930 2129 1980 aute
2169 1920 2249 1978 P.
2281 1914 2580 1980 Clodium

295 2001 496 2050 mma
634 2000 956 2062 consulem
995 2001 1080 2062 ob
1123 2022 1263 2062 rem
1307 2000 1471 2060 male
1502 1941 1733 2082 ge‘dam
1764 2021 1844 2061 ex
1877 2001 2099 2062 Sicilia
2134 2011 2577 2071 revocaverat,

259 2067 606 2154 ‚⁶¹⁰⁵”2m‘
635 2101 831 2165 quum
866 2080 1128 2166 insuper
1176 2079 1372 2144 tristis
1413 2079 1495 2141 de
1540 2081 1807 2142 Juniana
1859 2079 2039 2142 clade
2083 2081 2353 2142 nuncius
2390 2077 2583 2140 adve-

294 2135 609 2270 ssfz‘g'egzj
634 2161 855 2235 niffet,
903 2163 971 2223 in
1007 2163 1193 2224 class'e
1273 2159 1487 2222 uidem
1520 2183 1699 2246 spem
1734 2161 1973 2224 babere
2012 2161 2246 2241 deaiit:
2294 2176 2582 2224 ceterum

291 2270 438 2323 dm·
625 2243 712 2304 ‘ad
755 2243 995 2304 bellum
1032 2257 1208 2305 terre
1261 2242 1319 2302 ri
1353 2246 1558 2305 Marte
1576 2241 1766 2326 prose
1815 2243 2091 2306 nendum
2122 2243 2397 2304 animum
2428 2261 2585 2302 con-

333 2337 428 2390 Lil
467 2338 585 2390 beet·
636 2325 977 2409 siliumque
1020 2322 1272 2386 strenue
1307 2323 1606 2386 advertit.
1682 2325 1766 2384 Et
1851 2324 2079 2405 ilybaei
2154 2325 2373 2386 uidem
2400 2322 2580 2384 obsi-

290 2407 404 2459 obsi·
444 2409 608 2460 ionem
634 2406 894 2467 dionem
933 2405 1099 2467 solvi
1129 2427 1256 2466 non
1291 2402 1380 2466 est
1416 2403 1647 2466 visum:
1696 2403 1812 2467 sed
1844 2405 2055 2466 datum
2089 2405 2111 2466 i
2160 2406 2342 2468 oneis
2370 2403 2581 2466 homi-

213 2500 216 2506 ·
296 2485 504 2544 “rem'·
571 2529 577 2536 -
633 2486 821 2550 nibus
851 2487 1211 2570 negotium,
1265 2500 1335 2548 ut
1367 2487 1717 2549 necess'aria
1754 2487 2067 2549 exercitui
2102 2485 2258 2568 justo
2282 2501 2580 2568 tempore

632 2565 1168 2630 subveherentur.
1218 2569 1414 2652 Spem
1451 2565 1763 2640 faciebat,
1810 2568 2093 2652 quoduti
2116 2569 2275 2630 mari
2293 2571 2579 2640 Poenus,

630 2649 721 2712 ita
749 2651 1070 2711 Romanus
1089 2649 1263 2711 terra
1341 2650 1443 2710 lus
1476 2663 1765 2732 poterat,
1812 2663 2009 2711 totam
2058 2670 2138 2710 ue
2168 2648 2377 2712 ferme
2414 2645 2581 2710 Sici-

629 2729 782 2792 liam
807 2729 1139 2793 deditione
1165 2744 1274 2792 aut
1294 2673 1671 2792 foederibus
1694 2672 2263 2815 complectgbatur.
2312 2729 2441 2792 Sed
2464 2747 2580 2789 ne-

634 2831 762 2895 que
797 2811 1091 2874 consules
1125 2811 1263 2892 ejus
1297 2813 1448 2876 anni
1471 2812 1830 2895 placebant,
1874 2833 2083 2896 neque
2118 2811 2434 2874 consulari
2460 2811 2579 2870 im-

631 2893 862 2976 perio,
963 2891 1095 2955 uod
1138 2891 1239 2955 isti
1283 2907 1657 2977 contemptu
1695 2895 2082 2978 religionum
2170 2893 2579 2962 rofenass'ent,

636 2983 810 3052 (nam
838 2988 906 3036 et
991 3017 1007 3034 .
1040 2974 1271 3036 Junius
1293 2990 1519 3037 contra
1550 2974 1829 3060 auspicia
1867 2979 2093 3056 naviga
2148 2995 2185 3036 e
2214 2971 2579 3049 dicebatur)

333 3095 572 3148 Dt'ctaeto-
632 3075 740 3117 ree
775 3055 1116 3139 putabatur
1153 3055 1442 3118 feliciter
1478 3055 1621 3140 geri
1656 3057 1855 3145 poss'e.
1939 3058 2144 3140 Igitur
2176 3055 2257 3116 ad
2289 3058 2435 3117 'rem
2459 3073 2579 3113 no·

295 3179 406 3217 m„
429 3163 488 3216 ὁ,
521 3161 604 3216 55,
634 3157 775 3199 vam
801 3151 870 3198 et
896 3134 1246 3198 inufitatam
1277 3151 1577 3210 ventum,
1624 3139 1719 3200 uti
1752 3139 2027 3200 dictator
2064 3137 2417 3210 diceretur,
2464 3132 2578 3218 qui

293 3232 480 3284 citiam
633 3217 698 3282 in
737 3217 1024 3306 Siciliam
1054 3217 1215 3291 iret,
1263 3239 1458 3302 quum
1484 3219 1565 3280 ad
1598 3239 1737 3281 eam
1766 3219 1939 3282 diem
1972 3233 2149 3281 extra
2188 3219 2431 3283 Italiam
2462 3233 2578 3276 ne·

294 3301 544 3356 wittune.
629 3320 735 3370 mo
759 3322 836 3362 ea
861 3296 1168 3394 potestate
1204 3299 1537 3383 praeditus
1570 3301 1929 3363 exercitum
1959 3300 2251 3370 duxill'et.

754 3405 986 3468 xxm.
1045 3406 1214 3468 Mira
1251 3427 1330 3468 eo
1370 3421 1669 3492 tempore
1710 3421 1777 3470 et
1815 3428 2021 3493 prope
2052 3405 2459 3469 incredibilis
2498 3405 2577 3465 P.

537 3503 540 3508 ·
635 3485 850 3548 Clodii
887 3487 1164 3552 consulis
1199 3488 1540 3550 insolentia
1576 3489 1722 3550 fuit.
1766 3489 1957 3570 juss‘us
1991 3512 2023 3550 a
2061 3501 2285 3550 senatu
2310 3487 2583 3549 dictato-

633 3587 773 3628 rem
793 3565 1038 3644 dicere,
1081 3583 1398 3654 tamquam
1420 3573 1739 3666 partimin
1766 3571 2033 3655 patriam
2069 3569 2433 3654 deliquiss'et
2446 3581 2614 3630 tam.

633 3662 738 3710 tae
765 3650 971 3712 cladis
1013 3665 1236 3713 auctor
1259 3693 1275 3726 ,
1320 3651 1451 3712 nisi
1491 3650 1867 3736 dignitatem
1910 3653 2100 3715 etiam
2132 3653 2221 3715 im
2269 3651 2396 3712 'erii
2431 3667 2585 3710 con-

635 3731 897 3793 tumelia
933 3745 1002 3794 et
1028 3733 1255 3795 derisu
1275 3733 1623 3795 macularet
1644 3777 1661 3808 ,
1705 3739 1791 3796 M.
1830 3735 2161 3796 Claudium
2250 3733 2461 3796 liciam
2488 3728 2587 3791 di-

635 3813 766 3886 xit,
813 3813 1092 3876 scribam
1135 3829 1242 3876 aut
1285 3815 1603 3878 viatorem
1644 3838 1848 3878 suum.
1914 3821 2078 3880 Tum
2111 3835 2308 3889 vero,
2364 3823 2586 3874 coorta

704 3968 850 4042 Cap.
879 3971 1110 4026 xxvll.
1159 3971 1332 4025 Oros.
1360 3972 1415 4040 4,
1442 3989 1527 4028 ιο.
1572 3971 1680 4026 Pol
1716 3972 1778 4029 b.
1814 3972 2133 4031 Diodorus.
2170 3975 2416 4046 Eutrop.
2450 3973 2493 4029 l.
2526 3991 2581 4028 α.

636 4037 718 4093 Ca
768 4076 782 4091 .
801 4041 1058 4098 xxvm.
1095 4039 1224 4094 Liv.
1245 4039 1402 4112 Epit.
1424 4057 1506 4110 ¹9·
1543 4041 1685 4110 Poly
1732 4079 1747 4094 .
1786 4044 1907 4100 Cic.
1929 4041 2001 4098 de
2020 4046 2149 4102 Nat.
2169 4045 2447 4108 Deorum,
2468 4043 2579 4110 2,3.

637 4118 705 4188 et·
753 4109 996 4170 eDivin.
1023 4131 1070 4179 ι,
1097 4111 1180 4165 ι6.
1199 4119 1258 4164 et
1273 4127 1324 4176 α,
1345 4107 1435 4168 33.
1472 4109 1598 4166 Liv.
1619 4111 1777 4182 Epit.
1804 4134 1887 4186 19·
1946 4117 2090 4188 Cap.
2112 4113 2507 4170 XXIX.·Suet.
2526 4111 2589 4164 in

629 4179 772 4240 Tib.
796 4198 918 4236 en.
955 4179 1101 4237 Fasti
1120 4178 1315 4252 Capit.
1352 4177 1559 4250 Polyb.
1586 4201 1633 4248 ι,
1652 4183 1741 4236 52.
2386 4177 2391 4187 “
2477 4173 2483 4200 “
