2859 4717
709 280 796 351 m
827 284 1134 350 Locum„
1158 286 1318 347 Lm.
1349 284 1461 347 XI.
1505 286 1731 349 mvn.
2038 288 2050 303 ⁵
2100 275 2177 347 {3

283 491 618 554 udicitiam
655 502 1043 574 extorquere
1085 490 1350 555 instituit
1369 534 1387 567 ,
1436 491 1539 553 cui
1580 490 1703 573 jam
1736 503 1802 551 et
1826 510 1967 551 rem
1994 488 2181 551 sami·-
2238 480 2521 559 tim-4:⁶65

236 516 468 637 fiai-em
517 591 809 645 omnem,
873 582 938 636 et
973 569 1338 657 libertatem
1372 571 1570 657 ipsam
1614 572 1963 655 eripuerat.
2048 572 2181 631 De-

237 653 397 717 inde
423 653 762 724 Veturium
797 668 1242 736 aspernantem
1268 696 1284 727 ‚
1331 667 1396 716 et
1429 654 1687 737 quidvis
1762 653 1955 725 otius,
2040 672 2185 713 uam

239 748 488 797 tantum
515 731 860 817 flagitium,
911 734 1042 817 pati
1077 750 1360 819 paratum
1389 780 1405 811 ,
1450 734 1711 798 verberi
1760 753 1836 794 us
1868 752 1981 794 cru
2030 732 2182 793 elis.

243 814 428 877 simis
457 814 717 877 lacerat.
799 814 916 875 Ille
957 815 1024 875 in
1061 816 1389 899 publicum
1429 836 1502 877 se
1577 813 1904 909 roripiens
1928 856 1947 885 ,
2006 828 2073 875 et
2105 814 2186 875 ad

239 894 568 958 consulum
599 894 877 957 tribunal
911 894 987 957 ab
1014 906 1390 959 accurrente
1410 839 1819 959 mulliitudme
1849 894 2199 966 deductus,¹
2298 898 2317 919 ⁸

242 976 330 1038 de
357 976 752 1039 intolerabili
783 975 1164 1039 crudelitate
1197 992 1266 1039 et
1291 978 1565 1041 libidine
1596 976 1945 1038 creditoris
1969 976 2186 1060 queri-

243 1070 384 1119 tur:
452 1070 518 1118 et
565 1057 956 1141 adparebant
1003 1060 1250 1122 vibices
1281 1102 1298 1131 ‚
1363 1060 1838 1143 verberumque
1889 1068 2189 1120 recentes

243 1150 457 1199 notae.
541 1137 850 1201 Consules
903 1136 1135 1222 igitur,
1201 1162 1342 1202 rem
1379 1162 1510 1204 non
1546 1138 1997 1222 negligendam
2042 1136 2187 1210 rati,

247 1218 332 1281 de
361 1239 434 1293 ea
462 1220 820 1281 retulerunt
847 1218 926 1281 ad
947 1238 1276 1283 senatum=
1320 1222 1641 1307 dictisque
1674 1220 2015 1282 sententiis
2036 1220 2189 1281 Plo·

245 1304 378 1360 tius
411 1301 478 1361 in
519 1320 848 1364 carcerem
877 1302 1025 1365 duci
1064 1304 1275 1378 'uss'us,
1326 1322 1679 1387 omnesque
1706 1322 1828 1387 pen·
1852 1316 2051 1364 totam
2077 1322 2187 1361 nr·
2245 1338 2527 1398 Nauae·

245 1378 426 1450 bem,
469 1396 626 1465 quot
675 1397 787 1445 uot
821 1384 989 1446 aeris
1021 1326 1219 1447 alieni
1260 1386 1465 1449 caull'a
1488 1386 1639 1447 nexi
1672 1396 1855 1447 erant
1878 1426 1897 1457 ,
1935 1383 2083 1467 lege
2106 1380 2189 1443 de
2215 1421 2435 1469 „mm

247 1482 332 1524 eo
367 1464 632 1545 negotio
683 1476 817 1537 ata,
861 1464 1118 1528 liberati
1153 1479 1320 1527 sunt.

385 1624 618 1687 xxvl.
657 1628 804 1687 Non
834 1644 972 1685 snm
1004 1625 1266 1685 nescius
1288 1666 1304 1694 ‚
1351 1644 1473 1707 pro
1509 1626 1587 1683 Τ.
1623 1624 1899 1687 Veturio
1935 1623 2015 1683 ab
2048 1623 2193 1685 aliis

255 1704 561 1766 Publium
600 1704 972 1785 quemdam,
1029 1704 1320 1777 tribuni,
1378 1704 1489 1787 qui
1525 1704 1697 1766 inter
1736 1702 2057 1765 Caudinae
2084 1726 2294 1786 pan*

257 1786 356 1847 cis
378 1798 674 1847 auctores
707 1782 946 1863 sufflet,
985 1782 1184 1845 filium
1222 1785 1586 1849 meinorari.
1632 1784 1743 1846 sed
1777 1800 1843 1845 et
1864 1804 2030 1845 anno
2052 1798 2199 1846 ante
2388 1779 2391 1790 '

253 1864 416 1927 haec
439 1879 726 1949 tempora
810 1864 1248 1949 uadragesimo
1283 1867 1667 1928 simillimam
1698 1868 1781 1928 ob
1812 1866 2075 1929 cauffam
2096 1867 2207 1927 lex·

255 1947 342 2007 de
375 1948 560 2007 nexis
595 1946 717 2007 lata
785 1959 982 2007 ertur.
1029 1948 1329 2009 Ceterum
1359 1946 1518 2009 nihil
1558 1962 1727 2009 vetat
1751 1992 1767 2021 ,
1816 1962 1885 2009 ut
1962 1946 2197 2008 larium

251 2028 737 2089 foeneratorum
775 2047 848 2087 ea
881 2026 1259 2111 improbitas
1297 2029 1535 2107 fuerit3
1580 2044 1645 2091 et
1680 2030 1889 2125 priori
1940 2047 2095 2112 ege,
2130 2041 2199 2089 ut

256 2108 364 2181 fit,
423 2109 617 2171 etiam
653 2127 776 2203 per
815 2106 1180 2171 debitorum
1209 2110 1579 2206 patientiam
1600 2154 1617 2184 ,
1680 2125 1855 2173 inter
1888 2108 2197 2193 angustias

253 2191 358 2253 rei
371 2188 705 2255 familiaris
740 2187 907 2251 nihil
932 2189 1380 2264 recusantium,
1424 2192 1665 2256 sensim
1686 2193 2001 2275 neglecta,
2029 2190 2197 2268 ejus·

257 2271 408 2333 dem
434 2270 712 2353 exempli
751 2289 982 2332 recens
1019 2272 1256 2335 factum
1291 2274 1730 2346 admonuerit,
1778 2288 1849 2334 ut
1887 2274 1953 2333 in
1990 2270 2197 2355 polle·

257 2374 404 2413 rum
439 2373 514 2415 ea
546 2351 628 2413 de
663 2352 869 2415 cauffa
901 2354 1154 2437 plenius
1196 2368 1388 2438 utque
1425 2354 1806 2437 diligentius
1838 2367 2195 2415 caveretur.

175 2486 189 2503 .
259 2433 398 2496 Sed
422 2430 666 2529 populo
717 2453 849 2494 non
895 2434 1087 2495 modo
1141 2456 1310 2496 nexu
1332 2479 1349 2508 ,
1411 2457 1635 2499 verum
1676 2437 1865 2497 etiam
1906 2434 2199 2495 foenoris

263 2514 529 2577 saevitia
562 2512 830 2577 liberari
875 2518 1194 2599 cupienti,
1267 2533 1485 2601 gratae
1523 2516 1970 2579 licet-ultionis
2002 2515 2199 2595 legis-

261 2616 390 2679 qne
427 2595 512 2656 im
562 2596 790 2657 etratio
827 2618 960 2657 non
989 2596 1324 2661 satisfecit.
1410 2600 1691 2670 Verum,
1750 2612 1821 2658 ut
1854 2598 1923 2656 in
1956 2594 2201 2655 morbis

257 2618 640 2760 quibusdbm
693 2676 1086 2753 acrioribus,
1149 2681 1585 2744 remediorum
1630 2678 1965 2762 diligentia
2010 2696 2203 2759 quum

251 2758 585 2841 mitigatus
627 2756 839 2818 videri
867 2759 1070 2841 potest
1097 2804 1113 2833 ,
1155 2764 1360 2845 magis
1397 2759 1769 2822 accenditur
1800 2758 2029 2834 dolor3
2068 2776 2201 2817 non

255 2840 464 2903 multo
542 2835 631 2898 ost
669 2837 832 2899 adeo
871 2840 1230 2903 exulcerata
1265 2864 1374 2903 res
1401 2840 1520 2913 est,
1572 2854 1681 2913 ut,
1734 2860 1925 2923 quum
1954 2837 2199 2901 tribuni

257 2919 478 3002 plebis
535 2936 722 2999 egem
771 2917 854 2980 de
911 2922 1098 2982 novis
1143 2923 1379 2985 tabulis
1436 2942 1679 2983 summo
1726 2923 1871 2982 nisu
1898 2918 2199 3007 perferre

260 3001 763 3073 contenderent,
811 3020 1024 3086 neque
1062 3004 1419 3067 minoribus
1454 3018 1557 3067 aut
1595 3001 1802 3086 copiis
1839 3018 1945 3064 aut
1970 3000 2197 3063 animis

257 3102 300 3141 a
349 3078 787 3143 creditoribus
835 3082 1243 3149 resisteretur
1269 3130 1288 3161 ‚
1331 3085 1595 3171 plebes,
1660 3084 1953 3167 exemplo
2002 3082 2199 3161 majo·
2260 3111 2416 3166 pm„
2462 3109 2523 3163 ἱ,

255 3183 410 3223 rum
443 3160 602 3225 urbe
643 3163 903 3237 relicta,
947 3180 1122 3228 trans
1153 3190 1402 3231 amnem
1438 3169 1505 3229 in
1537 3163 1896 3231 ,Ianiculum
1920 3177 2199 3225 montem
2228 3178 2550 3247 gamat...
2642 3240 2649 3248 ἱ

260 3242 640 3307 secederetz
685 3243 991 3310 obstinato
1041 3250 1351 3328 consilio,
1417 3250 1544 3311 nisi
1582 3270 1657 3311 re
1704 3248 2041 3331 impetrata
2061 3286 2078 3316 2
2122 3241 2202 3305 ad
2238 3248 2459 3315 semm-

255 3337 532 3408 penates
566 3344 718 3387 suos
747 3349 879 3393 non
908 3329 1246 3393 redeundi.

148 3556 152 3561 .
387 3474 646 3543 XXVII.
706 3477 920 3573 Quum
1011 3502 1188 3543 arum
1229 3480 1529 3545 adversus
1570 3480 1731 3542 haec
1766 3479 1909 3563 opis
1944 3476 2009 3539 in
2051 3495 2205 3539 con·
2262 3496 2333 3553 U.
2350 3488 2401 3552 02
2524 3534 2577 3557 ,ι

263 3556 515 3618 sulibus
545 3558 720 3633 estet,
766 3562 906 3654 (M.
999 3562 1268 3624 alei-ium
1296 3564 1601 3627 Potitum.
1648 3564 1719 3625 C.
1758 3558 2011 3625 Aelium
2042 3561 2204 3621 Pae-
2256 3562 2445 3639 JM.V.
2502 3583 2557 3617 e-

257 3652 402 3699 tum
436 3640 618 3703 suiss'e
656 3641 1056 3722 conjiciunt)
1115 3643 1193 3705 ad
1221 3645 1511 3707 ultimum
1542 3644 1758 3705 arduis
1802 3638 2201 3725 temporibus
2219 3634 2345 3717 ⁴⁹39,
2364 3634 2431 3687 C·
2500 3650 2531 3684 θ

258 3721 623 3785 remedium
660 3722 1003 3784 deventum
1035 3722 1153 3801 est,
1199 3740 1268 3787 ut
1301 3726 1577 3789 dictator
1600 3724 1946 3789 diceretur.
1998 3722 2207 3785 dictus
2266 3702 2346 3757 ¹¹⁰
2362 3718 2510 3755 ⁰⁰⁸⁸·

265 3800 356 3863 est
377 3803 460 3898 Q.
489 3802 886 3885 Hortenfius.
969 3808 1051 3880 Is,
1095 3806 1399 3871 adhibitis
1444 3827 1602 3891 quae
1636 3821 1886 3891 tempus
1912 3820 1978 3871 et
2006 3806 2241 3867 causs'a-
2272 3862 2285 3884 ,
2324 3846 2449 3892 „sm
2470 3840 2529 3877 „-

259 3882 615 3968 postulabat
645 3882 970 3960 fomentis,
1015 3911 1209 3974 quum
1249 3911 1328 3951 eo
1364 3888 1633 3969 maxime
1668 3890 1953 3953 distineri
1986 3905 2210 3975 paoem

263 3968 550 4034 civitatis
611 3968 1043 4051 intelligeret,
1110 3974 1282 4057 quod
1326 3961 1486 4039 {cita
1534 3996 1648 4039 sua
1693 3976 2051 4053 contemni,
2116 3975 2207 4035 le-

336 4118 484 4245 Cage
518 4119 724 4176 xxvl.
754 4120 1004 4205 'Dionym
1077 4123 1203 4179 Liv.
1237 4123 1294 4192 8,
1327 4131 1412 4186 28.
1485 4138 1695 4189 Zonar.
1766 4078 2206 4200 L;„‚‘Ep1,[,'·„,

265 4186 412 4259 Cep.
485 4194 666 4249 XVII.
705 4192 832 4247 Lw.
854 4190 1010 4264 Epit.
1038 4212 1120 4248 n.
1858 4217 1867 4232 .
2096 4229 2109 4247 .
2138 4214 2188 4245 n·
