2859 4717
824 112 829 124 “
924 115 945 152 ἱ

658 329 745 374 ss‘
795 309 1347 374 FREINSHEMH
1380 303 2194 376 SUPPLEMENTORUM
2227 305 2372 366 Lm.
2397 309 2448 367 1.

314 519 384 576 U.
404 535 456 574 e.
474 521 598 589 464.
661 515 831 578 enim
868 513 949 574 iis
988 516 1389 601 temporibus
1433 515 1654 577 vocari
1686 516 1953 589 solebat,
1999 515 2169 600 quod
2199 533 2444 600 poenae
2481 532 2608 572 no-

660 597 833 657 mine
873 594 1273 678 pendebatur
1300 617 1407 658 aes
1428 639 1446 669 ‚
1491 599 1790 681 quoniam
1825 597 1986 659 illud
2018 598 2100 657 ob
2127 599 2452 657 sacrorum
2483 615 2606 677 pu-

662 676 978 738 blicorum
1014 677 1482 739 multitudinem
1508 721 1524 752 ‚
1585 692 1650 740 et
1683 701 1758 739 an
1807 677 1990 740 ussias
2019 678 2286 750 aerarii,
2358 673 2607 737 sacrifi-

662 759 911 822 ciorum
949 758 1259 842 impensis
1298 758 1598 824 destinari
1641 699 2078 822 eonpueverat.
2165 758 2403 820 Census
2443 769 2610 840 quoa

638 859 790 928 que
831 859 915 908 eu
949 859 1111 900 anno
1158 843 1283 902 acti
1335 841 1642 902 memoria
1687 863 1818 904 non
1869 842 1992 902 alia
2041 839 2326 925 superest
2354 882 2372 913 ‚
2420 857 2612 921 quam

668 919 841 1007 quod
894 920 1128 982 civium
1182 925 1387 1006 capita
1430 922 1701 984 ducenta
1762 924 2162 1007 septuaginta
2218 921 2338 983 tria
2404 919 2613 981 millia

351 1017 413 1082 Q.
441 1015 645 1070 Fabius
670 1023 859 1066 censa
884 1001 1205 1064 dicuntur.
1250 1004 1471 1065 Princi
1521 1024 1620 1065 em
1653 1019 1908 1067 senatus
1943 1004 2020 1066 ab
2048 1003 2150 1065 bis
2174 1023 2431 1088 quoque
2456 1021 2612 1066 cen-

336 1084 644 1153 Mnr‘mus,
672 1084 929 1146 soi-ibus
972 1083 1209 1145 lectum
1235 1085 1421 1147 fuiss'e
1525 1129 1541 1146 .
1573 1085 1840 1148 Fabium
1864 1085 2204 1148 Maximum
2239 1097 2413 1146 certa
2458 1103 2616 1143 eon-

402 1154 612 1224 ἄηθ’
669 1165 911 1248 jectura
949 1163 1072 1238 est,
1121 1166 1293 1250 quod
1328 1166 1585 1229 aliunde
1622 1169 1894 1242 scimus,
1947 1187 2024 1229 ex
2057 1187 2129 1229 ea
2173 1180 2366 1250 gente
2405 1163 2616 1226 conti-

358 1233 573 1276 m's·
619 1275 639 1326 (
670 1268 866 1308 nuum
902 1267 1046 1308 eum
1087 1247 1403 1311 honorem
1438 1249 1646 1311 tribus
1683 1249 1974 1312 mansiss'e
1998 1291 2014 1320 ,
2057 1263 2127 1310 ut
2159 1247 2470 1308 Maximus
2508 1264 2618 1305 ac-

673 1331 927 1412 ceptum
968 1327 1046 1389 ab
1089 1328 1387 1394 Ambusto
1442 1344 1624 1416 patre
1649 1374 1667 1406 ,
1735 1351 1883 1393 mox
1932 1312 2378 1412 ad⁸Gurgitem
2410 1327 2623 1387 filium

666 1409 1113 1472 transmiserit.
2213 1435 2220 1440 '

652 1511 661 1544 l

461 1618 521 1670 a,
555 1621 570 1635 ‚
801 1559 1031 1623 XXlV.
1075 1562 1363 1634 Interea,
1408 1583 1601 1646 quum
1623 1561 1790 1624 foris
1823 1581 1930 1624 res
1967 1562 2120 1624 satis
2156 1560 2358 1621 laetae
2391 1557 2616 1630 efrem,

390 1617 460 1672 ’ς’
498 1632 618 1740 ’ἐφ’
680 1639 981 1723 gravibus
1034 1640 1208 1702 domi
1260 1641 1608 1705 discordiis
1669 1643 2223 1726 seditionibusque
2263 1640 2620 1701 laboratum

337 1701 654 1809 zzz-:⁸
680 1717 788 1782 est.
844 1721 1082 1796 Plebs,
1136 1743 1287 1784 aere
1317 1724 1530 1785 alieno
1558 1745 1598 1785 o
1643 1727 1882 1810 prell'a,
1927 1745 2124 1786 novas
2166 1721 2406 1783 tabulas
2435 1718 2624 1801 flagi-

679 1805 847 1864 tabat
867 1846 883 1874 ,
926 1822 1063 1864 rem
1089 1819 1373 1866 veterem
1398 1849 1415 1876 ‚
1460 1818 1525 1866 et
1563 1828 1596 1866 a
1679 1807 1972 1867 ducentis
2005 1803 2274 1888 amplius
2304 1801 2486 1862 annis
2510 1820 2622 1860 va-

680 1885 780 1945 rie
799 1883 1119 1963 jactatam,
1160 1897 1231 1945 ut
1272 1887 1679 1948 turbulentus
1721 1887 1953 1970 aliquis
1987 1886 2283 1949 tribunus
2325 1885 2403 1944 ad
2443 1901 2622 1942 com-

681 1963 1035 2026 movendos
1082 1965 1510 2028 multitudinis
1570 1969 1814 2029 animos
1853 1967 2167 2028 stimulum
2217 1985 2364 2026 eum
2401 1962 2622 2024 admo-

683 2058 897 2118 verat,
948 2059 1056 2107 aut
1101 2046 1512 2130 improbitate
1545 2049 2025 2111 foeneratorum
2059 2045 2284 2130 populi
2325 2045 2457 2106 indi
2509 2065 2624 2103 na-

343 2143 620 2211 U‚0,465‚
682 2125 775 2186 tio
812 2127 1151 2188 exarserat.
1239 2127 1371 2190 Sed
1418 2129 1535 2190 sub
1583 2131 1913 2214 prioribus
1954 2130 2198 2211 aliquot
2227 2065 2624 2200 consuliius,

403 2214 658 2271 .Marcio
684 2207 1055 2268 morborum
1090 2221 1195 2268 aut
1220 2207 1491 2270 hostium
1517 2225 1724 2272 metus
1747 2211 2139 2272 remiffiores
2166 2210 2234 2269 in
2271 2207 2436 2268 urbe
2465 2227 2628 2266 con-

391 2285 657 2368 gssome·
686 2289 1007 2350 tentiones
1034 2284 1297 2351 fecerat.
1383 2290 1464 2384 Q.
1506 2293 1752 2354 Marcio
1798 2292 2146 2364 'l'remulo,
2193 2293 2270 2350 P.
2315 2287 2630 2349 Cornelio

364 2355 449 2409 ¹¹⁰
473 2369 622 2406 ⁶⁰⁸⁸·
694 2371 929 2432 Arvina
960 2370 1363 2445 consulibus,
1431 2371 1668 2434 deinde
1705 2370 1998 2457 proximo
2043 2391 2240 2444 anno,
2303 2389 2492 2453 quum
2531 2371 2628 2427 M.
2673 2419 2678 2424 .

349 2443 624 2510 (Le-4⁶⁶·
689 2451 990 2512 Claudius
1046 2453 1425 2524 Marcellus,
1502 2457 1572 2516 C.
1609 2457 1874 2518 Nautius
1915 2454 2170 2516 Rutilus
2203 2448 2632 2533 magistratum

373 2515 455 2636 ᾖ·
477 2511 643 2636 Cl‘ss'·
688 2546 1015 2615 gererent,
1054 2532 1327 2611 majores
1348 2529 1670 2619 aliquanto
1689 2551 1898 2596 motus
1929 2536 2297 2595 extiterunt.
2357 2529 2436 2591 ad
2463 2549 2634 2613 quos

381 2600 625 2706 Nssu’tb‘
689 2613 1245 2710 comprimendos,
1327 2617 1528 2698 magis
1576 2637 1762 2701 quam
1815 2616 2006 2677 ullius
2067 2613 2333 2676 alterius
2375 2610 2632 2693 negotii

420 2735 570 2774 «Μ,
686 2695 927 2758 bellive
956 2697 1179 2770 causs'a,
1231 2695 1610 2759 dictatorem
1642 2697 1830 2760 fuiss'e
1859 2696 2100 2758 dictum
2127 2692 2472 2756 existimem
2499 2691 2632 2774 Ap.

690 2775 1045 2850 Claudium,
1130 2777 1194 2838 ui
1224 2777 1460 2840 deinde
1483 2783 1723 2841 Caecus
1755 2775 1842 2842 est
1867 2775 2391 2861 cognominatum
2436 2791 2633 2857 quem

686 2857 1067 2921 dictatorem
1130 2859 1285 2922 uiss'e
1304 2903 1322 2936 ,
1366 2862 1436 2921 in
1461 2862 1740 2946 antiquis
1777 2859 2203 2922 monumentis
2231 2857 2519 2941 reperio.

630 3106 644 3118 ·
807 3033 1011 3098 XXV.
1070 3035 1235 3096 Sane
1264 3049 1526 3130 praeter
1559 3031 1974 3092 acerbitatem
2005 3029 2380 3115 iniquissimi
2401 3029 2636 3091 foeno-

389 3107 477 3188 ‚Cr
501 3103 667 3158 3⁰¹⁶
690 3114 820 3189 ris,
866 3116 1055 3178 etiam
1096 3117 1339 3177 nefaria
1376 3118 1448 3178 C.
1481 3113 1681 3176 Plotii
1721 3113 1960 3185 libido,
2009 3112 2222 3196 aegris
2263 3111 2386 3194 jam
2423 3109 2637 3171 homi-

354 3173 547 3230 m'u’·
690 3217 842 3258 num
878 3197 1146 3271 animis,
1196 3210 1265 3258 ut
1304 3196 1496 3259 citius
1539 3206 1728 3276 atque
1768 3193 2214 3257 vehementius
2255 3191 2638 3255 exardesce-

693 3291 879 3350 rent,
946 3277 1220 3359 subjecit
1261 3278 1462 3340 faces.
1556 3276 1728 3338 Huic
1779 3279 1856 3338 T.
1899 3277 2248 3349 Veturius,
2295 3273 2466 3335 filius
2496 3273 2638 3350 eius

663 3359 951 3424 ‘Veturii
978 3401 995 3430 ,
1052 3360 1161 3443 qui
1209 3362 1431 3421 consul
1471 3360 1554 3422 ob
1597 3371 1690 3418 tui
1751 3379 1787 3419 e
1832 3357 2063 3421 foedus
2104 3355 2478 3438 Samnitium
2518 3374 2639 3438 po-

694 3440 1241 3584 {3¹2.22‘.¹{2¹.¹::‚J:²
1248 3456 1407 3587 2221:
1445 3461 1644 3584 3³:²2?
1657 3381 2206 3584 ³³¹..
2213 3437 2644 3584 &mette

696 3623 845 3664 xum
892 3624 963 3666 se
1013 3602 1267 3668 dedidit
1304 3545 1568 3680 lublens,
1630 3606 1970 3687 omniaque
2003 3605 2260 3666 servilia
2297 3561 2646 3662 niinisteria

693 3687 1019 3767 patienter
1050 3686 1436 3772 exsequutus
1469 3685 1578 3750 est.
1656 3687 1906 3748 Plotius
1934 3685 2476 3748 adolescentulum
2501 3681 2641 3743 for-

694 3786 797 3828 ma
829 3767 1123 3844 liberali,
1178 3791 1257 3830 ex
1288 3793 1510 3854 magna
1541 3791 1656 3857 spe
1685 3769 2037 3830 consularis
2070 3768 2352 3834 familiae
2385 3767 2464 3827 ad
2495 3763 2644 3826 infi-

698 3867 838 3914 mae
872 3851 1171 3914 fortunae
1208 3852 1437 3915 sordes
1473 3851 1860 3940 depressi-11⁸0
1895 3871 2024 3914 non
2062 3865 2422 3924 contentus,
2449 3849 2647 3912 etiam

735 4005 883 4077 Cap.
901 4004 1106 4060 xxm.
1143 4005 1268 4059 Liv.
1288 4003 1446 4074 Epit.
1468 4021 1552 4058 n.
1573 4001 1740 4066 J’lin.
1761 4007 1835 4058 H.
1854 4005 1925 4057 N.
1943 4021 1996 4069 7,
2011 4005 2102 4068 41.
2144 3999 2496 4072 cap.xx1V.
2516 3997 2644 4052 Liv-

696 4077 859 4150 Epit.
880 4097 897 4129 ι
914 4097 931 4130 ι
946 4117 961 4132 .
1000 4081 1215 4134 Zonar.
1250 4074 1411 4129 Flor.
1439 4091 1486 4137 ι,
1505 4074 1592 4128 23.
1631 4075 1854 4132 Tabula
1869 4089 2191 4126 marmorea
2209 4072 2364 4144 apud
2375 4071 2642 4144 Onupbr.

702 4144 765 4199 in
781 4149 991 4211 Festos,
1024 4159 1083 4206 et
1096 4146 1251 4221 apud
1264 4143 1428 4218 Pigh.
1449 4161 1543 4198 an.
1561 4145 1686 4212 461.
1755 4148 1904 4219 Cap.
1921 4139 2100 4199 XXV.
2141 4145 2275 4199 Val.
2293 4146 2444 4201 Max.
2464 4146 2516 4214 6,
2535 4157 2642 4214 129.

704 4223 761 4270 et
774 4217 1014 4290 Dionys.
1034 4219 1191 4298 apud
1209 4215 1404 4276 Vales.
1859 4263 1864 4268 .
