2859 4717
693 292 804 367 rlst
865 280 1422 343 FREINSHEMII
1467 277 2282 346 SUPPLEMENTORUM
2313 283 2590 347 Lus-VI.
2636 333 2644 341 ,

349 488 625 557 (Le-49¹·
686 484 936 547 menses
973 483 1178 546 ferme
1213 485 1498 568 quinque
1532 484 1743 545 haesit
1775 484 2071 548 obsidio:
2118 508 2347 585 quum,
2378 490 2633 551 neutris

687 565 928 648 infignc
964 565 1044 627 ad
1087 566 1424 628 victoriam
1462 577 1850 627 momentum
1888 565 2173 651 adeptis,
2220 570 2525 652 (praeter
2544 572 2638 631 le·

685 668 803 711 ves
833 647 1004 707 enim
1040 648 1451 708 velitationes
1486 661 1795 707 tentatum
1830 646 1990 709 nihil
2014 648 2269 729 fuerat)
2305 670 2413 711 res
2431 652 2633 711 Puni-

383 724 456 777 1„
477 724 660 777 *ῐὶΙῦ
685 748 799 789 cae
833 726 1162 789 deteriore
1205 729 1350 789 loco
1387 729 1515 789 ess'e
1555 742 1929 822 coepe-runt.
1984 729 2151 813 Quia
2194 732 2367 791 enim
2403 732 2633 815 ingens

199 808 218 827 ⁰
313 794 659 873 '⁶⁶¹¹“0W'2'
685 808 1013 869 hominum
1039 809 1418 881 multitudo,
1464 808 1635 870 haud
1684 817 1895 871 minus
1978 811 2393 894 uinquagiuta
2432 812 2647 873 millia‘

347 862 636 997 ssgssm
685 890 1068 951 bellatorum
1093 932 1146 962 ,-
1178 904 1354 952 tanto
1404 891 1529 969 jam
1555 904 1865 973 .tempore
1905 892 1929 952 i
1978 912 2079 953 em
2126 894 2293 954 intra
2325 894 2635 977 oppidum

685 970 984 1033 conclusa
1013 992 1324 1033 annonam
1362 972 1507 1033 fere
1546 990 1800 1031 omnem
1842 966 2321 1055 absumpsiss'et3
2382 975 2635 1058 sperari

685 1072 846 1113 vero
887 1053 1224 1115 subvectio
1270 1053 1441 1113 nulla
1497 1052 1739 1135 poss'et,
1799 1053 2009 1115 aditus
2056 1074 2278 1116 omnes
2324 1055 2635 1117 Romanis

687 1134 968 1213 sollicite
1027 1131 1566 1195 custodientibus:
1647 1149 2197 1217 propugnatorum
2256 1136 2449 1197 animi
2508 1151 2639 1198 tam

733 1215 1130 1277 raesentibus
1185 1216 1398 1286 malis,
1488 1235 1673 1296 quam
1728 1212 2201 1299 exspectatione
2248 1213 2633 1291 instantium,

679 1238 854 1357 Baud
881 1295 1301 1357 mediocriter
1328 1296 1743 1378 angebantur.

382 1406 664 1463 Humum!
809 1402 969 1462 Lm.
1000 1402 1237 1484 Igitur,
1281 1401 1639 1462 Hannibale
1672 1402 1983 1485 Gisgonis
2018 1397 2156 1463 filio
2197 1401 2387 1479 (nam
2402 1400 2508 1462 hic
2525 1423 2635 1464 re-

293 1524 296 1531 ·
349 1480 642 1548 Agrigenti
687 1482 806 1544 bus
869 1482 1507 1563 Carthaginiensibus
1552 1482 1895 1565 Agrigenti
1960 1497 2261 1567 praeerat
2292 1482 2321 1562 )
2377 1484 2634 1545 crebris
2710 1484 2715 1491 ’

345 1548 564 1619 Pn‘f‘·
685 1564 942 1625 nunciis
987 1584 1182 1658 opem
1227 1562 1531 1625 adversus
1582 1564 1815 1625 famem
1860 1579 1926 1625 et
1972 1563 2265 1648 pericula
2298 1577 2636 1646 poscente,

347 1626 575 1735 ‘zano
688 1664 830 1706 cum
865 1646 1202 1716 militibus,
1247 1645 1357 1727 qui
1391 1642 1605 1728 postea
1636 1646 1951 1706 contracti
1985 1645 2274 1717 fuerant,
2328 1644 2635 1726 elephan-

349 1768 466 1801 cum
538 1767 662 1801 novo
684 1726 900 1810 tisque
922 1770 937 1798 ‚
985 1728 1214 1793 Hanno
1251 1728 1473 1787 senior
1500 1728 1567 1786 in
1598 1725 1885 1803 Siciliam
1916 1724 2387 1786 transmittitur.
2448 1727 2636 1807 pedi-

349 1820 582 1870 «κενεὴν
607 1820 664 1868 in
687 1820 820 1867 tum
854 1820 1036 1868 erant
1067 1806 1270 1884 millia
1305 1808 1785 1890 quinquaginta,
1830 1828 1945 1867 sex
1977 1805 2296 1889 equitum,
2340 1808 2635 1889 sexagin-

313 1885 321 1917 '
354 1886 606 1968 Sicqtiam
687 1901 748 1947 ta
783 1887 1146 1970 elephanti.¹
1191 1890 1349 1948 Cum
1385 1885 1488 1947 his
1518 1888 1725 1971 copiis
1758 1887 2129 1967 Lilybaeum
2163 1901 2385 1949 vectus
2408 1930 2425 1959 ,
2480 1888 2637 1949 inde

353 1966 515 2019 ’ΜΨ
686 1970 908 2030 versus
941 1968 1320 2029 Heracleam
1355 1968 1597 2029 movit:
1638 1966 1967 2049 statimque
2005 1982 2322 2028 venerunt
2360 1969 2439 2029 ad
2464 1990 2631 2043 eum,

687 2050 800 2131 qui
831 2047 1226 2110 deditionem
1255 2047 1527 2109 Erbessi
1558 2047 2048 2131 pollicerentur.
2134 2048 2384 2109 Horum
2435 2070 2633 2133 opera

685 2130 956 2193 Erbess'o
988 2130 1230 2212 potitus
1251 2172 1267 2202 ,
1329 2128 1502 2189 unde
1532 2129 1841 2190 hactenus
1869 2128 1947 2187 ad
1976 2126 2485 2191 castra'Romana
2518 2131 2632 2193 de·-

685 2209 852 2271 ferri
886 2224 1274 2271 commeatus
1318 2207 1770 2280 consueverat,
1830 2228 1969 2269 rem
2006 2209 2173 2271 haud
2207 2212 2456 2271 minimi
2496 2232 2633 2273 mo-

683 2293 887 2354 menti
914 2291 1256 2373 perfeciss'e
1291 2290 1668 2364 videbatur,
1716 2310 1905 2373 quum
1940 2292 2230 2351 exclusos
2268 2294 2442 2353 omni
2478 2314 2632 2375 pro-
2674 2286 2685 2297 ’

737 2372 1032 2439 emodum
1057 2372 1354 2434 facultate
1375 2372 1869 2433 necessariarum
1888 2392 2103 2432 rerum
2118 2375 2449 2434 Romanos·
2465 2372 2635 2435 haud

715 2455 897 2516 evius
927 2466 1234 2535 urgeret,
1296 2473 1483 2537 quam
1524 2453 1599 2513 ab
1653 2450 1755 2513 his
1795 2452 2207 2534 Agrigentini
2251 2453 2633 2535 premeban-

689 2549 816 2595 tur.
871 2535 1010 2595 Jam
1056 2554 1136 2594 ue
1188 2533 1269 2594 de
1314 2532 1657 2595 obsidione
1702 2533 2006 2593 solvenda
2038 2532 2455 2595 deliberatum
2492 2551 2630 2598 erat

685 2635 818 2676 non
845 2634 1019 2676 seme
1065 2658 1082 2688 ,
1146 2614 1310 2676 nihil
1357 2635 1438 2675 ue
1480 2615 1751 2699 propius
1798 2612 2064 2687 facturn,
2112 2628 2397 2709 quam-ut
2428 2636 2630 2699 nego-

687 2694 848 2757 tium
885 2694 1046 2756 istud
1073 2687 1194 2779 pro
1233 2696 1312 2757 de
1345 2710 1569 2779 perato
1610 2694 2029 2775 abjiceretur-3
2075 2696 2199 2755 msi
2219 2715 2333 2755 rex
2359 2696 2627 2775 Syracu-

690 2796 880 2839 sanus
901 2820 918 2849 ‚
967 2798 1188 2839 omnes
1223 2776 1528 2839 tentando
1558 2777 1693 2838 vias
1724 2776 2017 2836 nonnihil
2051 2776 2357 2837 frumenti
2382 2791 2628 2839 cetera-

688 2878 958 2953 rumque
976 2879 1194 2919 rerum
1215 2858 1440 2920 furtim
1462 2855 1839 2919 submittens
1856 2898 1872 2928 ‚
1964 2856 2317 2919 raesentem
2341 2857 2627 2942 inopiam

687 2938 944 3002 modico
969 2938 1255 3003 'subinde
1288 2941 1647 3005 levamento
1686 2958 1876 2999 recre
1968 2952 2053 2999 et.

387 3057 620 3111 Romani
809 3047 970 3109 LIV.
1014 3046 1246 3107 Hanno
1269 3066 1462 3129 quum
1478 3046 1801 3105 Romanos
1830 3056 1895 3105 et
1976 3044 2219 3115 euuria,
2264 3057 2329 3104 et
2356 3043 2631 3118 morbis,

287 3175 300 3198 ,
349 3129 583 3209 penny-ja
613 3137 664 3178 οἱ
691 3128 802 3211 qui
824 3125 1008 3209 sequi
1029 3126 1260 3187 famem
1285 3126 1520 3197 solent,
1559 3126 1845 3207 graviter
1874 3146 1909 3184 a
1964 3138 2142 3185 ectos
2162 3166 2179 3198 ,
2222 3144 2366 3185 suas
2405 3138 2627 3186 contra

348 3198 556 3249 ’ΝΛΜ
579 3211 664 3248 ⁰⁰·
689 3209 911 3293 copias
938 3208 1185 3269 viribus
1208 3207 1481 3288 integris
1504 3226 1697 3288 agere
1726 3203 2195 3289 perpenderet3
2247 3226 2367 3289 pro
2416 3206 2515 3265 ius
2544 3206 2627 3267 ad
2666 3214 2671 3217 ’

354 3277 577 3319 “”””·
685 3292 1007 3351 Romanos
1049 3288 1392 3357 accedere,
1458 3287 1860 3370 proeliique,
1934 3286 1988 3345 si
2028 3285 2293 3347 facultas
2384 3300 2622 3360 aretur,

687 3370 1008 3433 fortunam
1043 3369 1331 3452 experiri
1361 3365 1589 3428 statuit.
1676 3370 1795 3428 Ele
1844 3366 2110 3427 hantisi
2158 3368 2287 3427 itur
2360 3368 2629 3450 uinqua-

732 3452 858 3512 inta
890 3466 1239 3546 ceteroque
1273 3463 1407 3518 toto
1438 3449 1729 3510 exercitu
1749 3469 1782 3508 a
1829 3448 2091 3529 sumptis
2197 3467 2343 3507 erac
2372 3468 2443 3508 ea
2472 3468 2629 3531 pro-
2696 3451 2705 3459 “

717 3548 897 3593 ectus
919 3576 934 3603 ,
963 3531 1388 3596 Numidicum
1420 3529 1769 3613 equitatum
1798 3529 2160 3613 praemittit
2178 3570 2195 3600 ,
2242 3528 2391 3610 qui,
2435 3526 2627 3590 hosti-

684 3634 792 3675 um
827 3612 1043 3675 castris
1078 3613 1457 3707 obequitans
1478 3652 1497 3683 ,
1558 3609 1828 3673 eliceret
1856 3612 2179 3671 Romanos
2218 3610 2469 3691 equites
2492 3652 2511 3682 ‚
2556 3622 2625 3671 et

685 3693 756 3753 in
783 3708 1189 3779 praeparatas
1227 3692 1484 3753 infidias
1516 3690 1887 3753 deduceret.
1952 3690 2246 3768 Numidis
2266 3730 2283 3761 ,
2328 3692 2420 3751 uti
2446 3711 2625 3751 man·

683 3774 897 3837 datum
927 3788 1097 3847 erat,
1143 3774 1224 3836 ad
1263 3774 1458 3835 castra
1488 3768 1813 3835 consulum
1836 3771 2247 3854 contemptim
2280 3772 2626 3852 provolan-

679 3856 852 3917 tibus
881 3898 896 3927 ,
957 3876 1136 3918 erum
1183 3868 1300 3917 unt
1341 3854 1614 3919 Romani
1640 3894 1657 3924 ,
1766 3852 2217 3949 repelluntque
2254 3850 2623 3913 resistentes

678 3938 928 4020 primo3
973 3937 1122 3999 dein
1171 3958 1208 3999 e
1242 3938 1472 4000 solutis
1510 3934 1719 3997 ordin·
1772 3956 1847 3996 us
1880 3954 2005 4007 via,
2052 3954 2174 4017 qua
2194 3932 2421 3995 venire
2448 3934 2625 3992 Han..

809 4042 833 4059 s
2301 4032 2537 4075 nonem
2620 4055 2625 4059 -

663 4214 686 4226 ,
711 4168 859 4238 Cap.
884 4166 1033 4249 13111.
1073 4168 1355 4223 Zonaras.
1373 4166 1581 4239 Polyb.
1598 4162 1847 4221 Diodor.
1868 4165 2069 4237 Eclog.
2088 4161 2133 4218 l.
2157 4162 2245 4219 23.
2264 4158 2473 4229 Polyb.
