2859 4717
327 500 394 555 U.
413 520 463 557 ο.
479 504 602 577 489·

675 292 786 359 136
827 296 1386 375 FREINSHEMII
1421 294 2235 360 SUPPLEMENTORUM
2266 300 2415 363 Lm.
2434 299 2547 364 VI.

667 501 744 561 ab
785 508 866 562 eo
907 502 1050 566 loco
1070 545 1087 574 ,
1119 502 1232 565 ubi
1269 500 1461 564 castra
1482 496 1667 563 eraut
1704 500 2237 583 Syracusanorum
2262 543 2278 573 ,
2322 500 2609 585 appulis-

667 596 764 643 set
783 624 798 653 ‚
845 582 1216 645 cohortatus
1247 604 1396 644 suos
1416 626 1433 656 ,
1464 595 1865 666 ‘certamque
1898 584 2237 645 victoriam
2266 580 2607 653 ostentans,

668 664 722 723 si
755 664 879 724 tale
913 664 1074 725 nihil
1110 662 1502 747 suspicantes
1540 664 2022 747 opprimerent,
2062 664 2359 749 protinus
2383 663 2458 722 ad
2487 660 2609 721 ho-

359 764 636 819 mnae„
665 742 844 804 stium
893 746 1316 829 oppugnanda
1372 742 1566 807 castra
1620 746 1859 827 pergit.
1944 746 2193 817 Hiero,
2260 744 2471 806 subito
2506 760 2613 805 tu-

222 856 230 873 ·
323 834 492 887 vincit
541 848 594 887 u
663 826 866 886 multu
904 827 1188 898 excitus,
1251 841 1318 889 et
1349 826 1488 913 ipse
1521 837 1745 886 contra
1780 824 1997 887 educit
2032 826 2249 910 copias
2276 845 2399 908 pro
2446 838 2612 885 tem-

311 900 510 971 [αμα.
529 982 537 987 Α

367 2184 558 2248 Castra

309 2248 600 2308 funerum

169 2332 182 2351 ·
215 2340 220 2345 ·
312 2334 612 2393 oppugnat.

350 3886 542 3943 Poenos

569 4220 580 4231 x

711 924 827 968 ore
875 906 1225 969 instructas.
1311 907 1386 969 fit
1425 907 1811 990 aliquamdiu
1858 920 2181 968 certamen
2221 927 2369 967 aere
2392 928 2411 966 τ
2468 904 2611 988 pel-

689 1001 881 1048 untur
899 990 1166 1049 Romani
1185 991 1460 1075 equites.
1518 986 1654 1064 sed,
1678 987 2049 1071 legionibus
2062 988 2399 1049 fortissime
2417 1006 2615 1069 proe-

659 1068 964 1129 liantibus
983 1112 1000 1141 ,
1043 1072 1330 1131 vincitur
1345 1070 1575 1142 Hiero,
1620 1087 1823 1152 seque
1853 1088 1999 1128 cum
2024 1070 2158 1129 suis
2186 1069 2483 1162 trepidus
2510 1068 2615 1125 in-

658 1161 762 1209 tra
793 1150 1027 1210 vallum
1073 1152 1328 1234 'recipit-
1405 1151 1691 1245 Appius',
1756 1150 2025 1231 spoliari
2060 1151 2447 1232 corporibus
2488 1147 2612 1207 ho-

657 1226 841 1290 stium
870 1230 1046 1309 jussis
1069 1278 1084 1303 ,
1139 1234 1479 1297 Messanam
1510 1244 1706 1291 intrat
1727 1273 1743 1303 ,
1788 1231 2336 1313 Mamertinosque
2360 1272 2375 1299 ‚
2464 1248 2611 1287 rae-

643 1312 866 1371 .sentia
904 1331 1014 1372 sua
1051 1333 1130 1373 ex
1155 1314 1391 1375 timore
1425 1330 1655 1393 magno
1698 1324 2063 1383 recreatos,
2128 1311 2269 1393 spei
2308 1330 2409 1389 me
2438 1308 2607 1369 ioris

653 1391 744 1454 im
789 1392 903 1453 let.
989 1394 1194 1455 Hiero
1217 1438 1232 1466 ‚
1277 1395 1519 1456 victum
1546 1413 1616 1453 se
1642 1392 1872 1454 videns
1894 1435 1911 1465 ,
2000 1394 2326 1475 riusquam
2350 1390 2609 1451 vidiss'et

651 1470 744 1534 ho
798 1493 919 1544 em,
957 1472 1309 1570 (sicutipse
1330 1472 1544 1557 postea
1572 1474 1891 1555 confess'us
1918 1414 2023 1547 eii,
2088 1474 2373 1555 fretique
2393 1485 2603 1532 trans·-

656 1552 818 1615 itum
852 1576 886 1615 a
919 1554 1540 1638 Carthaginiensibus
1586 1554 1915 1637 proditum
1954 1576 2029 1615 su
2058 1555 2306 1637 picatus
2326 1593 2342 1623 ‚
2405 1570 2603 1634 quum

655 1636 948 1718 ambigua
991 1650 1205 1697 mente
1241 1637 1434 1698 multa
1480 1654 1695 1698 seeum
1733 1636 2037 1719 agitaret,
2108 1634 2191 1695 de
2228 1652 2466 1693 summa
2492 1650 2607 1691 re-

654 1736 797 1777 rum
817 1718 1032 1777 vereri
1056 1719 1308 1801 coepit:
1349 1719 1811 1800 proximaeque
1844 1717 2054 1777 noctis
2088 1714 2348 1777 silentio
2379 1711 2600 1795 copias

656 1794 878 1857 eduxit
903 1796 1121 1861 castris
1147 1842 1162 1871 ,
1217 1812 1281 1860 et
1307 1809 1613 1861 contento
1636 1799 1873 1859 itinere
1900 1797 2233 1876 Syracusas
2267 1794 2531 1877 refugit.

777 1880 1068 1941 XXXVI.
1111 1884 1210 1941 Eo
1259 1878 1555 1941 submoto
1583 1921 1599 1951 ,
1644 1880 1894 1965 Appius
1916 1920 1932 1949 ,
1994 1900 2185 1960 quum
2212 1892 2469 1939 terrore
2503 1874 2599 1950 τί,

652 1958 898 2020 ctoriae
927 1961 1208 2021 recentis
1236 1952 1315 2021 ad
1335 1961 1593 2021 Poenos
1616 1978 1873 2043 quoque
1896 1956 2315 2020 debellandos
2344 1958 2433 2017 uti
2458 1956 2597 2016 vel-

651 2038 777 2112 let,
838 2040 1184 2114 militibus,
1245 2054 1315 2102 ut
1355 2041 1570 2101 cibum
1618 2040 1897 2123 tempori
1952 2040 2238 2122 capiant,
2306 2040 2594 2121 imperat.

651 2118 889 2182 deinde
913 2164 928 2192 ‚
972 2122 1340 2183 albescente
1371 2121 1495 2199 jam
1532 2121 1637 2182 die
1670 2120 2040 2205 progress'us
2062 2163 2077 2192 ,
2126 2120 2317 2182 castra
2339 2122 2595 2180 Poeno-

651 2222 792 2260 rum
834 2221 1206 2287 oppugnare
1245 2200 1533 2263 instituit.
1615 2206 1817 2262 Erant
1860 2201 2017 2262 haec
2062 2202 2415 2263 loco·satis
2455 2212 2596 2261 tuto

648 2282 860 2365 posita
881 2324 896 2355 ‚
940 2295 1006 2343 et
1039 2298 1261 2345 natura
1289 2303 1607 2365 manuque
1640 2282 1990 2366 diligenter
2020 2283 2403 2367 permunita.
2444 2280 2597 2343 hinc

647 2382 863 2436 mare,
926 2362 1078 2423 iude
1157 2364 1472 2424 rofundae
1515 2364 1821 2445 paludes,
1884 2364 1948 2423 in
1980 2364 2351 2447 peninsulee
2388 2364 2596 2424 ferme

651 2444 936 2527 speciem
958 2487 975 2516 ,
1019 2386 1357 2511 auffiibant.
1417 2444 1593 2505 inter
1620 2445 1734 2506 has
1772 2444 2095 2527 angustum
2130 2446 2431 2529 spatium,
2464 2460 2595 2526 quo

645 2546 776 2585 uno
818 2524 983 2587 adiri
1021 2540 1277 2609 poterat
1300 2570 1316 2600 ‚
1363 2525 1591 2587 ductus
1618 2526 1953 2587 adversum
1978 2528 2343 2608 irrupturos
2373 2542 2595 2586 murus

645 2604 800 2668 obse
847 2607 1038 2667 iebat.
1122 2609 1250 2669 Hic
1287 2607 1400 2668 ubi
1428 2609 1560 2669 vim
1588 2606 1883 2669 seciffent
1907 2608 2179 2669 Romani
2200 2607 2593 2677 milites‚ne·

647 2708 772 2769 que
801 2631 1112 2752 ¹locorum
1155 2690 1343 2751 simul
1406 2688 1811 2771 iniquitatem
1834 2730 1851 2761 ,
1929 2701 1995 2748 et
2049 2687 2591 2771 propugnantium

644 2768 1117 2831 multitudinem
1158 2771 1422 2832 vincere
1454 2770 1738 2852 poss'ent,
1784 2768 2117 2831 missilibus
2144 2768 2412 2828 maxime
2434 2810 2450 2839 ‚
2497 2766 2588 2825 si·-

647 2864 754 2910 cut
783 2850 848 2911 in
875 2850 1128 2914 urbium
1156 2850 1635 2936 oppugnatione
1655 2852 1843 2923 solet,
1866 2870 2005 2911 rem
2026 2850 2396 2931 gerentibus
2420 2851 2588 2909 Poe-

644 2930 772 3003 nis,
816 2932 1005 2992 irrito
1039 2933 1302 3016 incepto
1339 2928 1646 2993 desistere
1680 2932 1887 2993 coacti
1917 2932 2329 2994 recesserunt.
2380 2932 2590 3013 soepo

644 3010 712 3071 in
755 3011 946 3073 bellis
989 3014 1246 3073 meliori
1295 3012 1593 3075 fortunae
1645 3014 1857 3075 locum
1892 3034 2035 3073 sors
2069 3012 2324 3083 durior,
2388 3026 2454 3075 et
2478 3010 2587 3072 ad-

641 3094 820 3157 versi
845 3093 922 3153 ab
957 3094 1144 3155 initio
1175 3094 1350 3155 casus
1381 3093 1643 3155 fecere:
1686 3094 1835 3155 <lum
1871 3093 1973 3154 his
2012 3092 2225 3155 affecti
2248 3136 2264 3164 ,
2306 3091 2585 3167 ,consiliis

643 3173 1002 3257 animisque
1053 3174 1398 3255 majoribus
1452 3190 1791 3259 acceptum
1843 3176 2297 3237 detrimentum
2342 3175 2583 3235 sarcire

638 3252 928 3332 student3
977 3254 1226 3328 hostes,
1276 3256 1609 3317 felicitatis
1655 3258 1964 3341 opinione
2004 3256 2234 3317 blanda
2269 3254 2584 3329 fascinati,

638 3356 852 3419 neque
889 3337 1040 3399 satis
1071 3335 1403 3399 adversm
1431 3336 1695 3399 fortuita
1724 3337 2148 3423 providentes
2170 3380 2185 3411 ‚
2230 3338 2297 3397 in
2326 3334 2587 3398 temeri-

637 3430 834 3479 tatem
869 3418 1267 3480 auferuntur.
2142 3449 2149 3467 ι

761 3500 1076 3565 xxxva.
1123 3498 1316 3593 Quod
1342 3500 1457 3560 illo
1490 3513 1621 3561 tem
1670 3519 1785 3560 ore
1810 3496 2445 3581 Carthaginiensibus
2469 3518 2583 3559 usu

637 3578 856 3639 veuit:
927 3580 1073 3662 qui,
1117 3564 1418 3663 repuliss‘e
1454 3580 1589 3643 hosi
1731 3601 1857 3640 non
1900 3581 2224 3653 contenti,
2272 3593 2585 3661 tamquam

637 3656 992 3741 fugientem
1039 3661 1382 3745 eruptione
1421 3682 1503 3722 ex
1541 3662 1757 3725 castris
1805 3661 1971 3743 saeta
2014 3660 2583 3746 persequebantur,

640 3760 791 3800 suae
821 3742 1086 3814 virtuti,
1131 3742 1652 3813 non‘munitioni
1684 3744 2012 3819 locorum,
2083 3744 2406 3803 Romanos
2444 3762 2581 3803 ces·

639 3820 785 3882 sisse
811 3822 1258 3887 existimantes.
1343 3826 1566 3908 Itaque
1598 3822 1925 3909 postquam
1954 3848 2035 3887 ex
2068 3822 2368 3907 angustiis
2389 3865 2405 3895 ,
2490 3823 2587 3884 ui-

635 3901 758 3991 bus
781 3902 1038 3965 defensi
1067 3906 1322 3968 fuerant
1341 3947 1359 3978 ,
1400 3908 1797 3989 process'ere,
1836 3920 2070 3968 mutata
2100 3927 2243 3968 cum
2274 3906 2420 3967 loco
2446 3845 2586 3966 for-

702 4046 849 4127 Cap.
877 4056 1104 4110 XXXV.
1165 4058 1443 4111 Zonaras.
1497 4054 1704 4125 Polyb.
1731 4074 1779 4121 ι,
1804 4072 1887 4110 11.
1938 4046 2218 4107 Zonaras]
2276 4055 2436 4107 Flor.
2466 4074 2584 4120 ’,2.

625 4122 810 4187 Diod.
833 4124 1039 4195 Eclog.
1056 4121 1099 4177 l.
1119 4124 1206 4181 23.
1227 4124 1449 4197 Polyb.
1474 4146 1521 4193 ι,
1545 4142 1628 4181 12.
1702 4124 1848 4195 Cap.
1868 4124 2126 4180 XXXVI.
2166 4124 2442 4177 Zonaras.
2474 4127 2582 4181 Pe·

629 4190 752 4264 lyb.
790 4194 1069 4249 Zonaras.
