2859 4717
711 268 794 355 ᾆΖι
846 263 1406 339 ῈΒΕῙΝΒΗΕΜΠ
1444 206 2269 331 SUPPLEmfiNTORUM
2304 260 2451 321 Lm.
2478 260 2593 323 111.

373 474 516 531 the.
543 476 666 547 473.
713 481 955 534 rerent.
1037 468 1125 530 At
1159 468 1449 551 Pyrrhus
1480 470 1550 532 in
1576 458 1703 531 hoc
1736 487 1963 550 agmen
2002 464 2379 549 elephantos
2416 465 2522 548 agi
2570 464 2681 546 ju-

415 628 442 659 l

415 752 653 833 ’Romani

369 834 680 876 vmnmtur.

411 2007 689 2077 neffalffct'

379 2082 670 2201 aasz?

439 3982 450 4014 l

419 2786 688 2857 Elephan.

368 2863 461 2905 tus·
505 2858 682 2909 vulne.

367 2934 526 2977 ratus
557 2937 684 2977 cue·

399 3006 492 3044 ros
525 3005 648 3047 tur.

461 3062 576 3117 bae.

712 550 854 623 bet,
899 548 1072 634 ipsos
1127 571 1384 636 quoque
1436 551 1505 615 in
1556 551 1851 613 ultimum
1892 538 2217 613 terror-eni
2260 544 2533 609 hostium
2562 567 2679 609 re-

715 646 1029 695 servatos.
1189 662 1195 669 ·
1534 658 1545 663 -

830 740 968 803 Vn.
1015 737 1089 801 Id
1113 738 1443 801 confilium
1482 735 1796 805 adflixits
1847 758 1919 801 es
1947 740 2293 808 Romanas,
2334 748 2677 797 eventum-

709 840 834 903 que
871 822 1072 883 totius
1109 842 1362 905 pugnae
1395 819 1757 883 'seeundum
1848 818 2113 901 yrrhum
2152 817 2353 881 dedit.
2420 838 2567 877 nam
2608 830 2680 879 et

705 900 1004 964 homines
1075 902 1208 985 ipsi
1257 900 1571 965 vastorum
1634 920 1983 985 corporum
2042 901 2215 961 mole
2244 942 2261 973 ,
2351 898 2675 960 terribili-

707 1004 836 1067 que
865 983 1358 1067 superstantium
1377 984 1767 1045 armatorum
1800 982 2021 1065 specie
2058 978 2381 1066 stupentes
2402 1022 2419 1052 ,
2464 980 2678 1064 quod-

706 1065 809 1128 vis
855 1067 1075 1149 potius
1135 1066 1367 1149 ingens
1415 1079 1483 1127 et
1536 1063 1951 1127 formidabile
1990 1076 2395 1146 portentum,
2479 1082 2672 1145 quam

707 1148 1076 1208 animalium
1101 1170 1139 1209 a
1174 1162 1402 1209 natura
1425 1146 1893 1231 productorum
1922 1147 2194 1207 formam
2224 1143 2456 1207 videre
2485 1144 2668 1205 vide-

707 1228 944 1290 bantur
965 1250 984 1288 t
1027 1242 1094 1289 et
1125 1228 1273 1313 equi
1295 1271 1312 1301 ‚
1357 1228 1439 1290 ad
1473 1227 1882 1311 conspectum
1910 1225 2307 1310 odoremque
2340 1238 2408 1287 et
2433 1222 2664 1286 ‘strido-

709 1329 859 1372 rem·
889 1324 1024 1371 tum
1059 1310 1338 1393 primum
1367 1309 1645 1372 visarum
1672 1308 2033 1371 belluarum
2063 1307 2399 1379 exterriti,
2460 1306 2671 1391 proti-

709 1412 833 1453 nus
869 1391 1146 1455 consulis
1179 1392 1543 1465 ordinibus,
1588 1412 1710 1475 qua
1735 1391 1968 1476 cuique
1988 1389 2350 1487 proximum
2374 1402 2536 1461 erat,
2560 1388 2671 1449 ab·

711 1472 1158 1557 ripiebantur,
1204 1474 1615 1558 s'ess'oresque
1650 1472 1761 1535 'vel
1798 1469 2240 1544 excutiebant,
2292 1470 2397 1532 vel
2434 1466 2667 1531 frustra

609 1576 617 1587 ⁴
707 1558 1068 1618 renitentes
1110 1574 1329 1618 secum
1361 1554 1741 1618 auferebant
1764 1554 1833 1615 in
1856 1553 1931 1615 fu
1975 1574 2110 1625 am,
2156 1566 2223 1613 et
2246 1594 2263 1627 ,
2305 1552 2372 1612 in
2401 1571 2669 1613 suorum

708 1637 912 1698 aciem
965 1638 1374 1700 incurrentes
1400 1682 1418 1711 ,
1504 1638 1723 1699 omnia
1770 1635 1943 1721 trepi
1990 1634 2205 1696 atione
2263 1632 2673 1717 tumultuque

705 1719 1091 1793 miscebant,
1147 1719 1509 1803 insequutis
1538 1714 2029 1802 elephantorum
2060 1714 2455 1788 rectoribuS,
2483 1714 2673 1775 multi

705 1798 1099 1881 fugientium
1133 1801 1211 1861 ab
1249 1801 1334 1861 iis
1356 1844 1372 1873 ,
1419 1800 1531 1885 qui
1559 1800 1628 1860 in
1666 1798 1957 1862 turribus
1988 1796 2339 1859 belluarum
2368 1794 2672 1857 constite-

709 1894 890 1952 rant,
933 1881 1255 1942 vulnerati
1290 1895 1475 1944 sunt:
1549 1878 1773 1965 plures
1812 1878 1890 1939 ab
1934 1878 2292 1963 elephantis
2321 1876 2468 1963 ipfis
2508 1896 2666 1938 con-

709 1959 870 2021 fecti
897 1961 1274 2045 obtritique.
1361 1962 1516 2035 Sed,
1559 1961 1818 2023 consule
1850 1962 2059 2022 omnia
2098 1973 2390 2045 experto,
2430 1956 2661 2019 cohae-

711 2042 896 2103 rebat
931 2042 1274 2126 utcumqu‘e
1312 2045 1528 2120 acies;
1588 2042 1797 2103 donec
1828 2042 2091 2103 immiss'a
2125 2040 2358 2123 Pyrrhi
2385 2036 2657 2122 imperio

711 2122 1069 2185 'rhess'alica
1103 2126 1200 2185 ala
1231 2126 1396 2187 male
1429 2120 2017 2209 refistentessregit
2056 2122 2460 2207 disiecitque.
2532 2152 2540 2157 -

831 2257 998 2318 Vm.
1059 2260 1286 2340 Neque
1331 2254 1602 2320 dubium
1638 2253 1952 2326 habetur,
2028 2248 2190 2338 quin'
2222 2274 2301 2317 eo
2348 2254 2475 2315 situ
2507 2254 2664 2328 loci,

713 2359 846 2422 quo
879 2350 1014 2400 tum
1045 2337 1338 2401 conclusi
1369 2336 1777 2408 tenebantur,
1820 2334 1999 2399 caesi
2030 2356 2256 2397 omnes
2286 2356 2357 2397 ca
2406 2336 2539 2397 tive
2562 2336 2665 2398 fo-

709 2433 895 2493 rent,
923 2421 1031 2492 .ni,
1074 2433 1337 2502 praeter
1371 2417 1899 2485 consuetudinem
1937 2416 2203 2499 Pyrrhi,
2248 2418 2359 2503 qui
2434 2436 2513 2479 oc
2548 2418 2665 2478 im-

710 2502 1108 2586 peratorium
1149 2501 1411 2564 rebatur
1440 2543 1459 2574 ,
1514 2520 1645 2561 non
1726 2500 2104 2561 ertinaciter
2126 2497 2371 2561 'instare
2412 2498 2666 2581 fugien-

710 2584 886 2645 tibus
916 2626 934 2655 ,
981 2604 1062 2643 ne
1098 2582 1226 2643 alio
1256 2594 1554 2665 tempore
1584 2580 1666 2643 de
1692 2577 2031 2676 pei-atione
2060 2580 2282 2643 salutis
2312 2581 2527 2643 acrius
2561 2602 2665 2642 re-

714 2662 1048 2738 sisterent,
1109 2664 1300 2727 etiam
1337 2682 1663 2760 praeceps
1704 2683 1769 2722 m
1814 2660 2145 2746 vesperam
2186 2661 2326 2725 dies
2374 2662 2599 2744 regios
2627 2683 2665 2724 a

710 2743 1162 2831 persequendo
1213 2744 1525 2808 desistere
1584 2743 1910 2825 coegiss‘et.
1994 2743 2258 2823 Adiuvit
2294 2745 2484 2805 etiam
2530 2744 2663 2806 for-

711 2839 863 2890 tuna
913 2826 1225 2911 reliquias
1273 2826 1565 2891 infelicis
1618 2825 1943 2887 exercitus
1964 2868 1984 2899 ,
2046 2824 2220 2909 quod
2258 2824 2659 2909 elephantus,

711 2922 980 2993 accepto
1015 2910 1282 2971 vulnere
1317 2906 1691 2981 conversus,
1736 2906 1933 2969 etiam
1966 2922 2225 2969 ceteros
2252 2907 2505 2982 barritu
2530 2920 2663 2969 tur-

709 2989 908 3052 bavit.
949 3030 968 3039 -
993 2992 1086 3052 Ea
1122 3010 1272 3062 res,
1333 3004 1581 3053 morata
1632 2987 1882 3064 hostes,
1942 2990 2219 3073 spatium
2262 2989 2667 3073 fugientibus

711 3070 932 3143 dedit,
977 3093 1140 3156 quo,
1197 3070 1561 3133 transmiss'o
1604 3076 1823 3144 amne,
1883 3071 2233 3153 pervenire
2267 3070 2333 3131 in
2366 3069 2664 3153 Apuliam

709 3155 998 3237 peffent3
1063 3152 1288 3236 ibique
1333 3152 1519 3213 urbis
1558 3150 1886 3229 cujusdam
1928 3151 2393 3215 munitionibus
2436 3150 2663 3210 adver-

710 3258 821 3299 sus
867 3232 1098 3297 instans
1153 3235 1517 3316 periculum
1569 3247 1969 3315 tegerentur.
2058 3236 2251 3297 Caesa
2302 3252 2381 3295 eo
2410 3230 2663 3314 proelio
2770 3238 2773 3243 '

707 3320 1146 3380 Romanorum
1196 3316 1655 3400 sociorumque
1698 3316 1991 3399 peditum
2030 3316 2233 3377 millia
2274 3311 2663 3399 quatuorde-

709 3398 873 3472 cim,
951 3413 1016 3461 et
1062 3412 1406 3483 praeterea
1442 3400 1853 3481 octingentos
1909 3399 2313 3483 septuaginta
2356 3395 2679 3477 reperio,

711 3477 1028 3542 ducentos
1073 3480 1491 3563 quadraginta
1533 3500 1647 3542 sex
1686 3480 1976 3563 equites:
2036 3494 2259 3575 captos
2294 3480 2361 3541 in
2400 3476 2664 3537 univer-

699 3582 849 3627 sum
887 3562 1065 3623 mille
1099 3562 1513 3645 octingentos
1550 3561 1929 3635 duodecim,
1986 3562 2053 3623 in
2082 3560 2185 3629 his
2220 3559 2475 3645 equites
2502 3558 2665 3619 duos

709 3656 778 3705 et
793 3642 1240 3727 octingentos:
1285 3644 1499 3706 amiss'a
1528 3645 1708 3727 signa
1736 3642 2039 3706 militaria
2068 3642 2196 3704 duo
2231 3657 2297 3705 et
2326 3640 2581 3724 viginti.

827 3748 942 3811 IX.
989 3748 1135 3833 Quo
1159 3750 1362 3847 magis
1401 3732 1649 3823 niiror,
1695 3763 2027 3824 auctores,
2076 3750 2185 3833 qu’i
2214 3749 2375 3809 haec
2402 3760 2527 3809 tam
2558 3744 2666 3805 ad-

707 3845 928 3893 curate
957 3829 1293 3915 exsequuti
1333 3846 1481 3893 sunt
1505 3874 1521 3904 ,
1566 3852 1831 3919 negare,
1870 3850 2209 3893 numerum
2244 3850 2329 3893 ex
2350 3830 2535 3912 regio
2560 3848 2664 3889 ex-

771 3978 1043 4051 Gapxl.
1079 3981 1355 4041 Frontin.
1384 3983 1639 4053 Stratcg.
1678 4000 1728 4045 2,
1758 3982 1815 4045 4.
1886 3980 2033 4052 Cap.
2066 3978 2200 4034 VII.
2250 3980 2493 4034 Pausan.
2542 3978 2581 4033 l.
2612 3996 2664 4030 ι.

699 4050 868 4105 Flor.
903 4066 953 4114 ι,
993 4052 1074 4104 ι8.
1112 4052 1263 4105 Pliu.
1287 4052 1346 4117 8,
1379 4054 1435 4108 6.
1482 4054 1763 4107 Zonaras.
1800 4049 1953 4103 Plut.
2030 4050 2354 4134 Cap.·x‘·111.
2394 4046 2663 4102 Frontin.

703 4118 958 4191 Strateg.
979 4136 1034 4185 a,
1051 4121 1106 4175 6.
1142 4120 1455 4195 Eutrop.l.
1478 4140 1533 4181 2.
1570 4122 1853 4177 Zonaras.
1890 4117 2235 4205 Gotefridus
2248 4117 2663 4195 Viterbieusis.

673 4178 964 4269 ‘Cap.1'X.
1003 4192 1178 4245 Oros.
1196 4194 1253 4260 4,
1283 4208 1334 4247 ι.

1371 4280 1408 4299 S.
