2859 4717
730 283 818 346 m
858 280 1159 346 Locmu
1194 283 1354 346 Lm.
1384 282 1614 370 xvm.
1655 284 1880 346 mvn.
2149 302 2261 364 ‚qq

264 547 269 552 ,
330 486 749 564 auguralibus
775 485 1201 560 hujuscemodi
1230 486 1488 560 piacula
1501 505 1527 556 3
1577 488 1972 546 caerimoniis
2004 499 2066 546 et
2094 493 2264 548 victi·
2325 488 2394 545 U.
2411 508 2463 544 c.
2479 487 2602 546 503.

326 557 445 612 mis
462 553 795 628 perfidiam
817 573 890 610 ac
902 554 1247 629 perjurium
1262 556 1384 612 rite
1392 556 1720 628 procurari
1737 574 1748 606 :
1771 574 1906 612 eum
1925 575 2040 632 ego
2059 561 2264 614 memi-

324 625 485 680 nisse
504 623 708 680 velim,
746 621 1045 696 majorem
1063 621 1600 696 essemajestatem
1617 623 1958 688 numinum,
1995 645 2180 698 quam
2201 635 2272 682 ut

320 689 659 764 pejerando
675 690 847 747 laesa
861 691 1240 765 quibuslibet
1252 690 1571 746 bominum
1585 691 1848 747 inventis
1861 692 2268 760 placetum-ne·

300 773 442 828 ‘que
466 759 699 816 rationi
712 769 1209 828 consentaneum,
1242 767 1315 814 ut
1336 757 1645 825 maculae,
1661 763 1933 825 peccatis
1950 759 2268 818 bominum

326 835 683 884 contractae
702 863 718 890 ,
747 845 1035 900 pecorum
1051 828 1305 884 boumve
1323 827 1631 900 sanguine
1658 825 1838 884 ablui
1860 828 2214 886 credantur.

428 895 627 950 Lxln.
664 893 761 952 Ad
790 914 884 950 me
918 893 1083 970 quod
1116 893 1382 962 adtinet,
1418 895 1549 950 scio
1583 893 1739 951 mihi
1759 894 2138 972 Cartbagine
2157 915 2264 968 pa·

325 972 497 1018 ratos
530 981 654 1019 esse
675 965 990 1018 cruciatus
1006 983 1267 1038 magnos
1326 961 1639 1036 exquisita
1661 970 1988 1020 tormenta.
2028 964 2151 1022 Sed
2167 965 2268 1022 his

326 1029 609 1085 omnibus
639 1033 882 1086 tristius
912 1049 1038 1086 esse
1069 1027 1220 1105 pu'to
1296 1028 1433 1086 dem
1449 1028 1712 1102 fallere.
1753 1031 1881 1090 Hoc
1912 1033 2076 1088 enim
2099 1031 2269 1089 mihi

365 1099 597 1170 rosceto
621 1108 898 1154 noceret.-
950 1099 1071 1154 illa
1102 1100 1309 1174 magis
1340 1097 1423 1154 ad
1453 1115 1528 1156 ea
1549 1134 1565 1165 ,
1617 1115 1774 1171 quae
1804 1102 1970 1155 circa
2010 1104 2104 1156 M.
2135 1103 2267 1156 Ati-

320 1113 479 1223 lium
512 1174 657 1229 sumt
676 1204 693 1234 ,
732 1185 919 1241 quam
952 1165 1037 1222 ad
1063 1169 1296 1242 ipsum,
1335 1165 1714 1238 referuntur,
1769 1167 1976 1240 Nolite
2009 1169 2270 1224 calami·

318 1235 521 1292 tesiam
542 1235 928 1301 existimare,
946 1237 1224 1309 quisquis
1232 1235 1411 1306 serre
1428 1233 1858 1290 calamitatem
1879 1242 2102 1307 potest.
2129 1237 2270 1292 Ser-

318 1303 601 1370 vitutem‚
638 1311 1078 1374 contemptum,
1116 1301 1419 1370 dolorem,
1447 1299 1743 1368 inediam,
1781 1303 2056 1376 vigilias,
2078 1321 2264 1377 quum

316 1369 488 1428 mala
516 1389 853 1444 numquam
932 1373 1233 1426 litaverint
1257 1407 1273 1438 ,
1310 1379 1450 1438 post
1466 1371 1632 1425 tanti
1649 1373 1941 1443 temporis
1973 1369 2264 1428 adsuetu-

318 1435 525 1496 dinem
550 1439 741 1493 etiam
762 1459 860 1493 mo
896 1447 1027 1494 esta
1060 1437 1308 1494 credere
1340 1433 1518 1492 desii.
1566 1437 1948 1494 Tolerabilia
1980 1442 2146 1495 enim
2177 1457 2266 1494 es·
2315 1487 2326 1501 .

312 1523 401 1568 se,
439 1503 766 1561 tolerando
798 1505 1016 1563 didici.
1086 1503 1253 1575 quod
1296 1505 1353 1560 si
1394 1519 1582 1576 supra
1649 1501 1857 1572 'quam
1901 1505 1978 1561 ab
2017 1505 2266 1562 bomine

302 1573 470 1646 ferri
490 1575 760 1644 possint,
798 1570 1208 1630 intendantur
1228 1609 1247 1640 ‚
1299 1591 1421 1626 non
1450 1570 1527 1624 ab
1559 1538 1679 1624 illa
1706 1579 1982 1640 tantum,
2039 1574 2148 1630 sed
2180 1574 2257 1630 ab
2605 1623 2616 1630 .

316 1641 487 1696 ornni
506 1641 759 1694 miseria
794 1659 892 1696 me
928 1640 1057 1694 cita
1084 1657 1249 1694 mors
1273 1636 1590 1693 liberabit.
1628 1636 1808 1693 Nihil
1824 1641 2028 1711 igitur
2047 1643 2264 1697 timen·
2323 1653 2488 1710 Num
2526 1655 2600 1710 εἰ.

316 1707 466 1765 dum
500 1723 627 1762 esse
656 1703 833 1763 video
870 1714 1132 1762 mortem
1168 1725 1291 1762 non
1324 1705 1590 1760 timenti.
1642 1721 1826 1774 quam
1859 1707 2052 1762 etiam
2087 1727 2262 1764 occu·
2289 1725 2532 1776 „aaa”

362 1792 468 1830 are
499 1771 681 1828 licet.-
722 1781 782 1828 et
787 1772 1107 1846 fecissem,
1141 1775 1265 1830 nisi
1295 1773 1413 1828 viri
1435 1778 1612 1838 esset,
1646 1772 1882 1828 vincere
1915 1777 2126 1847 potius
2157 1773 2262 1831 do·
2287 1803 2506 1843 „my-m„
2519 1808 2622 1846 „0-

347 1860 535 1906 orem,
568 1860 749 1915 quam
769 1839 1061 1926 effligere.
1102 1839 1227 1898 Sed
1252 1839 1405 1896 haec
1433 1857 1637 1914 pauca
1657 1847 1718 1894 ct
1740 1839 1996 1912 confusa
2011 1839 2152 1898 ideo
2171 1841 2262 1898 di·-
2285 1859 2518 1915 timue,

314 1913 405 1974 xi,
448 1916 626 1964 ntvos
644 1927 835 1982 neque
856 1909 1155 1968 dimoveri
1178 1929 1273 1963 me
1286 1925 1462 1981 posse
1477 1925 1513 1962 a
1528 1909 1834 1963 sententia
1855 1911 2100 1972 sciretis
2109 1931 2132 1980 ,-
2160 1927 2260 1966 ne-

314 1995 429 2054 que
450 1978 641 2032 vicem
656 1995 879 2041 meam,
901 1977 1071 2034 uelut
1087 1977 1355 2033 hominis
1372 1975 1650 2048 infelicis
1663 1983 1724 2030 et
1740 1975 2118 2042 calamitosi,
2146 1979 2261 2033 mi·

314 2045 695 2103 sereremini.
726 2045 882 2103 mihi
898 2063 1039 2100 vero
1058 2049 1181 2100 mei
1198 2044 1448 2102 consilii
1468 2053 1600 2101 tota
1613 2046 1779 2108 ratio
1794 2043 2022 2113 facilis
2041 2055 2104 2101 et
2120 2065 2258 2102 con-

288 2123 481 2172 .stans
514 2120 627 2170 est.
664 2131 835 2184 nam,
866 2122 937 2170 ut
969 2112 1411 2186 Carthaginem
1446 2119 1722 2168 revertar
1742 2149 1758 2180 ,
1794 2111 1866 2173 id
1891 2113 2050 2170 mibi
2077 2113 2260 2170 debet

312 2208 443 2246 esse
470 2206 658 2246 curae
678 2210 697 2244 .·
758 2186 911 2262 quid
941 2205 1241 2278 passurus
1278 2188 1371 2244 ibi
1402 2189 1544 2254 sim,
1571 2189 1692 2242 erit
1717 2189 1880 2244 Diis.
1938 2181 2134 2261 Aiunt
2159 2194 2258 2244 et·

308 2265 471 2336 iam,
538 2284 667 2346 quo
708 2262 1040 2326 efficacius
1073 2277 1369 2325 moveret
1404 2261 1790 2336 dubitantes,
1835 2259 2254 2336 confirmass'e,

307 2349 669 2420 priusquam
690 2344 1070 2420 Carthagine
1090 2344 1382 2401 dimissus
1398 2354 1578 2410 esset,
1609 2341 1734 2400 sibi
1751 2363 2044 2403 venenum
2061 2344 2254 2402 Puni·

308 2433 384 2470 ca
406 2411 644 2485 fraude
666 2411 918 2483 datum,
954 2410 1151 2487 quod,
1178 2413 1348 2468 lenta
1374 2421 1544 2482 peste
1577 2413 1837 2484 spiritus
1863 2411 2086 2468 vitales
2117 2429 2255 2467 exe-

311 2481 483 2550 dens,
532 2489 674 2538 acta
690 2481 1146 2550 permutatione
1166 2481 1529 2538 restitutum
1541 2481 1672 2536 suis
1687 2487 2090 2536 consumeret.
2185 2523 2194 2532 .

430 2551 484 2610 L
546 2551 655 2614 IV.
694 2549 1097 2613 Horribilem
1130 2549 1371 2610 veroin
1386 2547 1514 2610 hoc
1529 2548 1672 2610 viro
1691 2549 1946 2609 virtutis
1969 2545 2252 2609 constan·
2305 2569 2386 2624 M.
2397 2569 2592 2640 Regu,-

304 2629 489 2692 tiam!
532 2630 665 2714 qui,
689 2630 835 2691 dum
853 2630 931 2692 ab
954 2627 1215 2692 honesto
1232 2647 1363 2690 non
1382 2629 1774 2701 diseederet,
1807 2629 2248 2701 contumelias,
2276 2640 2564 2693 horribilis

304 2711 649 2782 eruciatus,
684 2725 979 2783 mortem,
1011 2709 1327 2794 quidquid
1358 2709 1641 2794 (lenique
1671 2709 2114 2772 abominantur
2135 2709 2251 2771 ho·
2274 2709 2582 2773 constantia.

305 2794 538 2864 mines,
561 2791 786 2873 majori
804 2811 1011 2874 prope
1029 2792 1453 2854 eontentione
1466 2804 1772 2874 sequutus
1795 2789 1901 2863 est,
1937 2811 2121 2874 quam
2143 2791 2250 2852 alii

301 2873 697 2934 vitaverant:
727 2873 868 2933 utili
890 2872 1268 2933 mortalibus
1294 2872 1700 2944 documento,
1720 2891 1827 2932 eas
1853 2883 2092 2934 tantum
2113 2872 2252 2933 ani-

304 2973 438 3012 mas
458 2939 793 3036 quibus‘vis
814 2953 1178 3015 terroribus
1199 2973 1411 3038 pares,
1430 2951 1804 3036 honestique
1819 2953 2146 3036 propositi
2171 2953 2252 3014 ad

305 3048 659 3094 extremum
679 3047 939 3096 tenaces
959 3036 1108 3108 effe,
1134 3054 1294 3119 quae
1316 3034 1670 3096 nobilitatis
1695 3054 1845 3095 suae
1870 3033 2118 3096 sensum
2139 3034 2252 3095 hu·

303 3102 483 3187 bem,
508 3137 707 3198 seque
726 3137 853 3178 non
876 3116 955 3177 ad
972 3115 1134 3178 hane
1162 3115 1357 3177 modo
1378 3116 1571 3178 vitam
1597 3129 1772 3177 natas
1793 3117 1918 3178 ess'e
1939 3116 2249 3190 memine7

302 3210 471 3258 runt.
492 3216 615 3259 nee
633 3198 805 3259 enim
820 3197 1205 3262 acerbitates
1221 3209 1423 3260 tantas
1447 3202 1531 3256 Μ.
1549 3198 1834 3279 Regulus
1853 3211 2082 3280 sponte
2143 3217 2248 3258 er-

298 3276 556 3350 tuliss'et‚
576 3278 703 3339 nisi
718 3293 824 3341 aut
839 3277 1129 3363 pulchris
1146 3279 1335 3339 factis
1356 3279 1639 3360 ingentia
1661 3274 1796 3360 post
1813 3289 2086 3339 mortem
2131 3295 2248 3338 ore

298 3361 606 3440 praemia,
632 3374 736 3423 aut
754 3359 1087 3423 sceleratis
1106 3359 1401 3441 ingentes
1422 3379 1663 3442 poenas
1682 3358 2070 3420 credidiss'et.
2105 3357 2247 3440 'lgi-

296 3451 426 3512 tnr‚
451 3441 517 3500 in
538 3443 915 3504 sententiam
930 3445 1015 3505 M.
1032 3441 1266 3522 Reguli
1288 3439 1464 3501 facto'
1479 3437 2248 3522 senatusconsulto,quum

288 3519 571 3610 ‚moestos
607 3537 672 3584 et
704 3525 903 3586 iratos
926 3521 1221 3583 dominos
1250 3520 1386 3605 ipse
1410 3523 1588 3584 vultu
1614 3539 1871 3605 semper
1894 3518 2120 3580 eodem
2142 3540 2245 3581 se-

300 3616 645 3685 queretur,
692 3604 1115 3688 repulsaeque
1140 3600 1436 3663 dolos-enh
1465 3615 1804 3698 appareret
1829 3602 1894 3660 in
1923 3601 2246 3663 suasorem

300 3681 439 3760 ejus
458 3685 814 3747 crudeliter
830 3684 1219 3746 vindicatum
1241 3682 1347 3755 iri,
1372 3697 1534 3744 moti
1556 3683 1808 3765 quidam
1830 3695 1996 3754 sunt,
2044 3695 2112 3742 ut
2141 3683 2244 3744 vel

296 3764 623 3832 nolentem
668 3765 939 3829 retineri
982 3764 1301 3845 juberent.
1388 3784 1590 3824 uxore
1629 3778 1965 3846 praeterea
2008 3763 2244 3846 Reguli
2306 3781 2448 3836 vxor
2475 3781 2577 3835 R.-

294 3845 561 3916 Marcia,
580 3847 1153 3927 communibusque
1172 3843 1423 3916 liberis,
1455 3845 1662 3904 omnia
1683 3842 1835 3906 fletu
1855 3846 2243 3928 planctuque
2265 3851 2407 3920 guli.

298 3925 795 4008 complentibus,
832 3927 1057 3990 dixere
1092 3924 1423 3995 eonsules,
1469 3953 1662 4009 neque
1693 3945 2046 3992 manentem
2071 3929 2242 3988 dedi·
2287 3985 2301 3992 -

296 4013 473 4062 turos
504 4025 633 4064 esse
644 4029 670 4081 3
704 4028 899 4084 neque
933 4005 1349 4064 discedentem
1380 4016 1752 4064 moraturos.
2081 4052 2095 4085 Ι

295 4085 1239 4240 Wuffimid
1272 4111 1662 4236 {3.ff,‘¹¹·⁶’4·
1725 4109 2096 4182 Cap.1.xlv.
2134 4107 2240 4163 sn.

350 4200 425 4238 a.
471 4222 486 4236 0
540 4222 555 4236 .
632 4202 859 4239 Οῃῧΐᾶὅι
988 4221 1005 4240 0
1135 4218 1152 4238 ο
1218 4201 1293 4238 01!
1430 4219 1449 4234 0
