2859 4717
660 256 748 321 m
780 250 1078 319 Locmt
1105 252 1268 315 Lm.
1298 250 1470 317 xvi.
1514 252 1736 319 mvn.
2048 252 2165 333 145

193 478 450 527 nonem
467 460 778 532 sciebant,
807 456 1210 541 refugientes
1229 471 1537 519 contento
1560 456 1746 521 cursu
1766 456 2161 542 persequuti·
2218 454 2293 515 U.
2307 458 2497 531 ⁰0⁴9*-

193 560 340 609 tur.
388 545 592 641 Igitur
615 554 852 625 quanto
881 539 1139 621 longius
1158 538 1368 623 abripi
1405 560 1477 601 se
1514 538 1689 622 passi
1712 539 1987 613 fuerant,
2024 554 2161 603 tan-

197 640 282 688 to
297 623 744 686 difficiliorem
762 620 841 681 ad
860 642 970 681 sua
1001 620 1390 685 munimenta
1410 633 1741 703 receptum
1764 619 2159 685 habuerunt:

199 706 528 789 multique
566 724 792 765 eorum
815 743 832 777 ,
910 722 1103 784 quum
1139 716 1204 763 et
1244 716 1542 762 recentes
1586 701 2007 779 occurriss'ent
2052 722 2163 763 co-

259 789 398 860 iae,
445 800 544 857 et,
591 785 704 869 qui
785 782 953 843 aullo
982 796 1126 843 ante
1165 782 1497 865 fugerant,
1560 780 1845 865 undique
1886 782 2163 845 circum-

201 810 678 939 {nnderentnm
771 862 1063 925 elidet-ati
1097 877 1264 925 sunt.

332 973 484 1040 LV..
515 972 660 1032 Hoc
695 983 934 1031 eventu
963 972 1164 1055 magis
1197 970 1390 1033 etiam
1422 968 1503 1033 ad
1540 989 1721 1054 spem
1754 988 2035 1032 summae
2062 972 2159 1033 vi·-
2220 980 2501 1035 Hannon-fe

205 1056 460 1116 ctoriae
497 1050 910 1115 confirmatus
935 1052 1187 1123 Hanno,
1233 1052 1465 1115 collem
1499 1051 1873 1137 quemdam,
1916 1056 2157 1115 Torum
2176 1050 2409 1117 fiducia.

203 1134 494 1207 nomine,
539 1134 718 1195 mille
739 1134 1108 1217 quingentis
1129 1132 1408 1218 pambus
1429 1156 1465 1195 a
1482 1138 1916 1279 {Romanorum
1944 1132 2161 1198 castris

207 1214 576 1287 distantem,
625 1214 880 1277 insedit.
945 1216 1170 1277 Serius
1201 1230 1412 1277 tamen
1446 1239 1479 1277 a
1508 1218 1794 1303 iquanto,
1842 1240 2030 1302 quam
2059 1218 2159 1278 in-

205 1312 318 1360 ter
351 1295 672 1360 exereitus
703 1310 828 1359 tam
855 1318 978 1380 pro
1027 1298 1261 1382 iuquos
1291 1300 1543 1383 sperari
1622 1300 1917 1371 otuiss'et,
1984 1320 2158 1365 eom-

205 1378 388 1443 miffa
419 1398 630 1476 pugna
657 1376 781 1457 est3
827 1399 944 1441 -mo
991 1396 1032 1441 'o
1057 1381 1364 1449 Romanis
1385 1424 1402 1457 ,
1454 1404 1561 1445 mo
1608 1406 1647 1445 o
1694 1382 1937 1445 Poenis
1966 1387 2159 1449 unius

201 1460 452 1545 proelii
483 1458 782 1523 fortunae
825 1484 978 1548 spes
998 1464 1327 1529 universas
1365 1471 1769 1529 committere
1804 1467 2160 1531 formidan-

206 1544 408 1608 tibus.
467 1544 696 1607 Donec
723 1544 928 1643 issitul'
957 1547 1286 1635 pugnandi
1312 1550 1567 1613 avidior
1596 1551 1827 1611 Hanno
1845 1550 1995 1625 fuit,
2022 1554 2159 1615 Ro-

206 1628 381 1689 mani
419 1624 634 1689 castris
669 1648 820 1711 suis,
853 1651 928 1693 se
965 1646 1348 1695 tenuerunt:
1400 1630 1575 1715 qnod
1615 1652 1885 1693 numero
1924 1644 1990 1694 et
2030 1634 2159 1695 ala-

205 1711 440 1771 critate
465 1753 486 1784 ‚
545 1708 676 1792 ipsi
709 1709 1100 1775 detrimento
1139 1714 1428 1797 equitum
1460 1733 1719 1775 snorum
1816 1716 2057 1778 erculsi
2092 1730 2161 1778 et

206 1805 617 1863 moerentes,
655 1792 1096 1857 vincerentur.
1125 1792 1481 1881 ·postquam
1516 1808 1727 1857 autem
1801 1795 2157 1859 abitatione
2232 1792 2431 1881 Dn'ndf

207 1892 326 1934 sua
353 1874 680 1937 sociorum
701 1875 948 1937 animos
971 1878 1416 1959 languescere,
1444 1874 1654 1938 hostes
1672 1878 1739 1937 in
1760 1898 1941 1961 spem
1960 1878 2153 1957 erigi,
2178 1876 2463 1918 ‘'¹⁸““m-

207 1953 570 2039 duriusque
601 1954 728 2018 sibi
753 1956 994 2021 bellum
1025 1978 1170 2020 eum
1199 1958 1420 2041 inopia
1442 1998 1461 2031 ‚
1504 1978 1690 2042 quam
1724 1979 1867 2020 cum
1892 1960 2155 2032 Poenis,

205 2034 498 2098 futurum
523 2035 838 2113 arbitrati,
862 2054 1185 2103 certamen
1207 2038 1571 2101 detrectare
1598 2038 1953 2117 delierunt3
1978 2040 2157 2101 Han-

207 2138 298 2179 no
317 2116 588 2179 vicifl'un
606 2120 1022 2203 tergiversari
1047 2122 1288 2205 coepit,
1315 2134 1380 2182 et
1409 2122 1619 2183 omnia
1648 2136 1959 2185 metuere.
2012 2124 2157 2184 Duo

207 2198 460 2261 menses
503 2199 600 2261 sic
627 2202 868 2273 exacti,
911 2216 984 2265 nt
1017 2217 1280 2285 praeter
1315 2203 1487 2265 levia
1520 2204 1804 2286 proelia,
1850 2224 2013 2287 qnae
2040 2200 2159 2265 fie-
2238 2223 2243 2232 ·

209 2278 368 2343 bant
401 2281 692 2364 quotidie
715 2325 734 2357 ‚
787 2282 950 2345 nihil
979 2284 1240 2364 majoris
1269 2282 1370 2345 rei
1397 2299 1761 2365 gereretur.

339 2388 500 2453 LVI.
545 2386 647 2449 Ad
681 2404 1034 2451 extremum
1059 2388 1511 2474 frequentibus
1539 2390 1915 2453 Hannibalis
1940 2390 2157 2475 preci·
2228 2406 2495 2475 Agrfgeae-

209 2467 338 2530 bns
366 2484 594 2543 motus,
645 2470 757 2554 qui
791 2484 856 2533 et
881 2471 1150 2533 nuncios
1173 2472 1464 2533 mittebat
1485 2470 1774 2541 adsidue,
1820 2486 1883 2535 et
1906 2472 2154 2533 facibus
2182 2476 2493 2544 tr‘m'urgm·

209 2552 506 2613 accensis
540 2551 721 2635 signa
759 2551 987 2615 crebra
1026 2552 1290 2625 edebat,
1331 2551 1563 2613 samem
1590 2554 1860 2637 amplius
1886 2554 2155 2616 obsessis
2183 2557 2296 2596 Μ·

209 2632 482 2693 tolerari
507 2652 634 2694 non
675 2635 850 2717 poss'e
873 2676 889 2707 ,
931 2634 1296 2718 multosque
1327 2654 1400 2695 ea
1439 2630 1615 2718 pesse
1640 2648 1897 2697 coactos
1930 2634 2010 2697 ad
2036 2634 2150 2697 bo·
2195 2612 2315 2731 ΗΒ*
2344 2626 2428 2661 ''¹''

212 2709 366 2775 stem
400 2714 846 2798 transfugere,
893 2714 1290 2777 dimicationi
1327 2736 1569 2777 moram
1611 2714 1882 2777 ulterius
1918 2716 2153 2779 nullam
2244 2694 2495 2816 ”;;’;;”

213 2794 475 2857 adferre
518 2794 847 2875 decrevit3
909 2794 1138 2858 eodem
1181 2809 1476 2880 tempore
1516 2796 1874 2859 Hannibale
1899 2816 2156 2881 quoque
2222 2816 2491 2879 gnandusn

214 2894 362 2936 cum
413 2874 550 2937 suis
609 2878 1015 2961 eruptionem
1061 2898 1139 2939 ex
1187 2876 1348 2939 urbe
1387 2874 1659 2939 facturo.
1744 2874 1925 2972 Quae
1964 2898 2158 2961 quum
2174 2877 2481 2948 nimitas„

213 2954 800 3021 animadvertiss'ent
817 2958 1144 3030 consules,
1188 2958 1350 3021 intra
1375 2978 1485 3021 sua
1520 2978 1591 3021 se
1614 2954 1803 3039 castra
1828 2960 2030 3045 quieti
2060 2972 2157 3021 te·
2272 2980 2275 2983 ’

213 3052 515 3099 nuerunt.
591 3060 671 3100 eo
717 3039 1004 3102 ferocius
1047 3040 1276 3100 Hanno
1305 3039 1506 3101 aciem
1552 3036 1913 3103 instructam
1952 3046 2195 3109 ollem,
2329 3071 2341 3104 t

213 3132 390 3190 tare,
437 3132 536 3193 et,
581 3119 695 3182 ubi
725 3142 918 3183 nemo
959 3136 1180 3183 contra
1211 3120 1374 3193 exit,
1420 3121 1538 3183 sub
1571 3121 1701 3205 ipsa
1723 3124 2159 3185 Romanorum

217 3200 606 3262 munimenta
635 3200 942 3286 suggredi
964 3246 980 3273 ,
1033 3200 1112 3263 ad
1141 3222 1412 3285 pugnam
1446 3202 1747 3267 audacter
1770 3220 2155 3299 provocare,

215 3280 661 3343 cunctantibus
689 3288 986 3345 timorem
1016 3296 1082 3345 et
1099 3281 1410 3365 ignaviam
1436 3282 1744 3363 objicere.
1775 3283 1895 3355 illi,
1915 3280 2157 3345 hostem
2186 3302 2195 3313 ’

214 3360 471 3423 levibus
499 3364 770 3447 proeliis
807 3386 842 3426 a
875 3364 1042 3425 vallo
1074 3362 1374 3447 repuliss’e
1405 3366 1723 3437 contenti,
1766 3384 1979 3449 neque
1998 3384 2153 3427 con-

215 3455 314 3503 tra
354 3458 681 3507 manentes
711 3443 1028 3507 struebant
1053 3446 1254 3507 aciem
1275 3486 1292 3515 ,
1337 3465 1551 3528 neque
1576 3446 1961 3509 recedentes
1984 3442 2155 3507 inse-

263 3523 596 3587 uebantur.
641 3526 785 3589 Hoc
806 3526 911 3589 ubi
935 3548 1057 3612 per
1087 3526 1330 3610 aliquot
1352 3525 1692 3592 continuos
1724 3526 1865 3589 dies
1891 3524 2151 3605 factum,

277 3605 590 3689 oenisque
619 3606 742 3689 jam
835 3606 1156 3669 ersuasum
1192 3604 1346 3669 effet
1371 3650 1390 3676 ,
1460 3606 1625 3669 nibil
1658 3609 1823 3671 ultra
1866 3608 2161 3670 ausurum

217 3688 602 3760 Romanum,
661 3691 736 3749 L.
825 3687 1124 3751 ostumins
1160 3682 1384 3752 consul
1425 3703 1857 3774 contemptum
1888 3686 2159 3751 bostium

215 3766 284 3827 in
324 3787 500 3830 suam
535 3768 924 3832 occafionem
957 3770 1236 3831 solerter
1267 3770 1481 3833 vertit.
1528 3766 1849 3833 Instructis
1876 3770 2047 3831 enim
2065 3770 2155 3832 si·

217 3846 419 3910 lentio
447 3849 656 3933 copiis
687 3851 1008 3921 omnibus,
1051 3850 1346 3933 intraque
1373 3850 1611 3913 vallum
1635 3852 1929 3917 retentis.
1972 3870 2155 3914 acce-

218 3924 476 3992 dentem
510 3951 632 4015 pro
666 3951 848 3995 more
881 3934 1170 3995 Poenum
1215 3950 1358 3993 cnm
1395 3932 1619 4015 paucis
1646 3930 2033 3997 submovens
2054 3974 2071 4008 ,
2118 3952 2157 3993 a

217 4041 891 4229 -s—t—ffazggLJI—Zomm·
929 4084 1132 4160 P⁰¹5h⁰
1200 4086 1345 4163 cal’·
1381 4086 1533 4147 LVI·
1572 4088 1849 4147 zemu-
1886 4085 2155 4142 Frontin.

452 4195 469 4211 .
521 4196 537 4223 ‚
562 4176 611 4210 ι.
1774 4202 1785 4215 .

276 4238 594 4315 Supplem.
617 4238 754 4298 Liv.
797 4240 962 4299 Tem.
995 4238 1089 4301 VI.
1111 4238 1241 4299 PJ.
1466 4228 1534 4299 K

1141 4386 1172 4397 a·
