2859 4717
713 256 801 361 m
841 296 1140 363 Locum
1177 300 1338 362 Lm.
1367 300 1599 368 xvm.
1643 303 1869 369 mvn.
2134 304 2239 367 ιε,
2528 358 2541 389 ‚

285 503 394 565 dis
411 504 784 579 itineribus,
825 503 890 565 in
917 503 1131 567 castris
1149 506 1499 591 ponendis,
1542 506 1611 567 iu
1647 508 1921 593 proeliis
1955 512 2246 574 commit·
2306 508 2587 582 [Le-⁴98·

285 585 532 658 tendis,
569 586 720 647 ¹loca
747 586 1014 671 prorsus
1047 588 1452 651 incommoda
1488 587 1688 673 deligi
1712 592 2107 653 consueviss'e
2130 592 2247 654 do-

287 681 420 729 cet.
494 667 554 730 si
605 686 790 727 suum
835 666 1162 730 confilium
1203 667 1499 741 audiant,
1562 690 1693 731 non
1742 671 2249 735 incolumitatem

287 748 488 810 modo
508 790 526 820 ,
571 751 684 813 sed
719 748 910 809 etiam
939 748 1314 835 victoriam,
1359 750 1701 834 promittit.
1759 752 2049 815 Probant
2083 753 2247 815 hanc

287 830 683 891 sententiam
763 849 916 890 uum
955 832 1162 893 ceteri
1197 830 1482 895 civitatis
1516 832 1731 915 princi
1780 854 1853 895 es
1874 874 1895 905 ‚
1950 848 2087 896 tum
2102 834 2250 918 ‘ipsi

287 908 496 972 duces
516 932 535 971 e
591 925 680 985 et,
751 910 1029 973 audabili
1057 910 1358 975 modestia
1391 914 1639 996 patriae
1676 934 1745 975 sa
1770 914 1865 977 uti
1898 935 2077 975 suam
2110 913 2247 977 exi-

289 989 712 1067 stimationem
743 988 1190 1075 posthabentes
1211 1038 1227 1067 ,
1273 992 1518 1055 homini
1551 996 1906 1077 peregrino
1940 996 2246 1058 deferen-

285 1072 446 1135 dum
475 1073 820 1159 imperium
869 1075 1192 1137 exercitus
1229 1075 1330 1137 sui
1365 1074 1774 1139 consentiunt
1810 1076 2244 1140 consciscunt-

287 1174 445 1239 que.

414 1262 638 1323 xxm.
683 1258 1110 1347 Xanthippus,
1143 1276 1402 1349 accepta
1419 1262 1750 1349 potestate,
1798 1263 2092 1361 quotidie
2122 1265 2240 1326 mi-
2302 1280 2377 1335 Ee
2420 1282 2579 1355 impe.

285 1340 444 1403 lites
477 1364 557 1403 ex
587 1342 750 1405 urbe
783 1340 1094 1416 educens,
1135 1342 1593 1441 campestribus
1627 1347 1958 1409 exercitiis
1997 1347 2073 1409 ad
2103 1368 2242 1409 ser·
2266 1353 2349 1405 rio
2371 1364 2581 1433 προφω

279 1423 537 1485 ‘vandos
567 1422 1106 1507 permutandosve
1141 1424 1406 1488 ordines
1436 1426 1795 1511 ducumque
1824 1426 1975 1507 juffa
2007 1428 2243 1490 celeri·
2264 1422 2521 1491 ‘’W''Sf‘·

279 1515 396 1564 ‚ter
427 1501 829 1588 exsequenda
875 1504 1264 1569 adsuefacit:
1303 1498 1589 1590 'copias‚
1626 1506 1801 1585 ‚hanc
1834 1508 2241 1593 disciplinam

253 1598 438 1646 ‘cum
478 1586 704 1669 priore
739 1601 1184 1670 comparantes
1205 1630 1221 1659 ‚
1284 1588 1711 1649 admiratione
1744 1590 1845 1649 sui
1878 1586 2240 1673 fiduciaque

285 1666 585 1730 melioris
623 1665 858 1729 deinde
892 1667 1210 1730 success'us
1243 1668 1505 1752 implet:
1547 1682 1677 1730 tota
1700 1668 1927 1730 civitas
1949 1686 2241 1733 recreata

285 1766 372 1809 ex
399 1747 597 1809 rebus
627 1746 774 1811 fere
797 1747 1152 1832 desperatis
1185 1748 1266 1811 ad
1299 1748 1843 1832 exspectationem
1870 1750 2072 1811 futuri
2108 1752 2237 1813 eri-

287 1828 488 1911 gitur.
545 1830 728 1891 Hanc
767 1830 1160 1891 alacritatem
1195 1830 1477 1890 omnium
1503 1830 1614 1891 ubi
1652 1830 1853 1892 duces
1888 1831 2132 1904 vident,
2170 1854 2236 1891 a·
2296 1853 2573 1920 sthftd..

284 1909 468 1972 nimo
504 1923 588 1972 et·
606 1912 742 1995 ipsi
779 1922 1048 1994 recepto
1087 1910 1156 1969 in
1193 1909 1430 1973 hostem
1462 1911 1694 1971 iterum
1732 1911 1975 1973 ducere
2005 1912 2233 1974 consti·
2260 1924 2345 1975 cla
2394 1924 2539 1975 redit

285 2004 514 2052 tuunt:
545 2010 861 2075 suosque,
901 1990 996 2052 uti
1027 2003 1280 2077 tempus
1299 1989 1673 2089 postulabat,
1718 1992 2061 2065 adhortati,
2090 2014 2235 2055 cum
2260 1988 2467 2045 Poenis.

285 2070 635 2137 duodecim
665 2072 808 2134 sere
843 2071 1128 2133 millibus
1163 2072 1487 2156 peditum,
1534 2086 1807 2155 quatuor
1832 2075 2142 2157 equitum,
2168 2090 2235 2138 et

285 2153 652 2237 elephantia
669 2173 801 2214 non
829 2152 1030 2214 multo
1055 2153 1473 2237 paucioribus
1494 2168 1749 2215 centum
1768 2154 2071 2216 adversus
2098 2159 2232 2219 Ro-

282 2254 510 2296 manos
539 2234 1066 2333 progrediuntur.
1129 2236 1455 2296 Romanos
1490 2254 1685 2295 unum
1720 2234 1881 2295 illud
1908 2236 2227 2313 movebat,
2424 2262 2463 2313 s

283 2315 497 2398 quod,
543 2313 824 2378 instituto
856 2316 1082 2400 priore
1111 2329 1377 2387 mutato,
1419 2316 1704 2388 Poenos,
1746 2316 1964 2379 vitatis
1994 2316 2229 2379 editio.

281 2396 469 2459 ribus
497 2397 741 2481 asperis
833 2416 870 2459 e
903 2396 1066 2458 locis
1091 2438 1108 2469 ‚
1151 2416 1274 2479 per
1301 2396 1490 2493 plana
1524 2416 1893 2480 camporum
1922 2396 2231 2461 videbant

281 2476 616 2541 incedere.
681 2498 754 2539 se
802 2521 820 2552 ,
863 2490 1176 2573 perpetua
1201 2477 1514 2539 felicitate
1548 2478 1616 2537 in
1650 2478 2017 2560 superbiam
2052 2478 2225 2553 elati,

279 2558 462 2621 vinci
491 2559 714 2621 solitas
747 2579 967 2643 copias
999 2556 1465 2641 ductoremque
1498 2559 1885 2622 Graeculum
1913 2556 2230 2644 despicie-

279 2636 459 2701 bant.
501 2644 598 2717 Ne
687 2660 726 2701 e
758 2639 1046 2723 Regulus
1077 2640 1354 2701 intactus
1387 2652 1529 2701 erat
1550 2639 1677 2701 hoc
1711 2637 2006 2700 fortunae
2042 2638 2225 2702 obse·-
2301 2671 2379 2726 R,
2416 2672 2543 2727 ,απ

278 2721 542 2801 quentis
561 2661 797 2784 bffndo
814 2739 1088 2782 veneno.
1131 2720 1332 2803 igitur
1361 2740 1559 2803 quum
1586 2740 1659 2781 se
1684 2720 2032 2783 maritimas
2054 2722 2227 2785 Poe·
2248 2690 2495 2794 sncce‘ssu
2514 2752 2561 2794 0.·

280 2820 514 2863 norum
551 2802 750 2874 vires,
793 2820 988 2885 quum
1081 2798 1360 2863 edestres
1395 2798 1501 2862 fre
1550 2800 1695 2873 'ffe,
1747 2819 1788 2860 o
1881 2800 1991 2876 ida,
2014 2801 2223 2867 ferme
2242 2810 2441 2865 latior.

281 2880 594 2956 ducenta,
633 2874 971 2943 hominum
995 2822 1076 2943 ιε
1109 2880 1380 2954 ducenta
1411 2882 1501 2941 mi
1552 2880 1613 2941 ia
1640 2880 1785 2977 cepi
1840 2901 1911 2954 e,
1966 2883 2225 2945 urbem-

277 2980 408 3045 que
455 2964 652 3045 ipsam
693 2964 1002 3025 Punicam
1022 3005 1040 3036 ,
1101 2962 1299 3025 variis
1339 2962 1768 3024 incommodis
1804 2962 2228 3042 laborantem,

276 3042 430 3124 cogi
459 3044 534 3104 ad
572 3043 970 3105 deditionem
1001 3044 1176 3127 poss'e
1207 3056 1570 3127 reputaret,
1628 3058 1853 3127 pacem
1892 3044 2223 3109 tolerabili

277 3122 656 3187 conditione
701 3124 1074 3207 petentibus
1117 3124 1413 3207 negavit,
1487 3124 1877 3208 scripsitque
1928 3126 2220 3201 Romam,

269 3218 496 3281 portas
521 3210 922 3287 Carthaginis
947 3230 988 3268 a
1014 3228 1081 3267 se
1113 3217 1286 3268 metu
1321 3210 1689 3283 obsignatas
1722 3212 1941 3270 tener-⁸⁰.
1981 3209 2072 3267 Ita
2088 3228 2220 3268 ma-

153 3280 174 3297 ‘
273 3306 443 3369 gnos
477 3289 670 3350 etiam
698 3288 944 3350 animos
975 3287 1233 3373 saepius
1266 3285 1336 3346 in
1368 3285 1677 3356 secundis
1706 3287 1903 3349 rebus
1924 3286 2221 3350 modera-

269 3368 372 3429 tio
397 3412 416 3443 ,
459 3372 746 3452 quam‘in
783 3368 1075 3431 adversis
1111 3364 1488 3441 constantia,
1534 3359 1841 3430 deseruit.

397 3474 630 3539 XXIV.
675 3477 1016 3553 Ceterum,
1055 3473 1300 3539 Poenis
1333 3470 1527 3533 castra
1558 3473 1707 3533 loco
1743 3492 1817 3532 ae
1910 3492 1949 3533 o
1978 3470 2221 3535 haben·
2316 3480 2379 3532 1-
2394 3480 2535 3559 toen-

270 3554 449 3617 tibus
470 3599 487 3628 ‚
531 3560 620 3618 M.
650 3558 939 3639 Regulus
960 3602 977 3631 ‚
1024 3560 1130 3621 cui
1157 3558 1224 3617 in
1255 3551 1547 3639 peditatu
1579 3554 1723 3637 plus
1758 3574 1834 3614 ro
1884 3553 2055 3627 oris,
2106 3574 2218 3616 eo·
2246 3566 2303 3602 5⁶
2324 3549 2561 3629 ‘'ihm'‘

269 3646 400 3721 que‘
433 3638 718 3699 montosa
741 3654 806 3701 ct
834 3639 1029 3701 ardua
1053 3640 1192 3701 loca
1223 3632 1523 3699 sectanda
1542 3648 1743 3707 erant,
1780 3631 1945 3695 nihil
1962 3636 2221 3698 referre
2246 3616 2535 3735 'mnata

266 3716 536 3781 vii-tutis
561 3733 811 3801 putans,
843 3720 953 3782 ubi
987 3720 1344 3789 dimicaret,
1389 3736 1519 3776 non
1546 3713 1761 3777 timuit
1794 3729 1860 3777 ct
1894 3714 2030 3799 ipse
2054 3738 2218 3779 cam·
2246 3701 2379 3807 εἴς’
2538 3713 2556 3726 '

269 3818 360 3883 po
393 3798 772 3863 adcredere
794 3846 812 3877 ,
857 3801 1050 3865 etiam
1083 3801 1163 3863 ad
1193 3796 1500 3878 majorem
1543 3794 2029 3859 ostentationem
2057 3796 2219 3858 fidu·
2348 3788 2365 3805 ⁶

271 3882 411 3943 ciac
447 3880 684 3953 fluvio,
731 3884 842 3966 qui
873 3884 1128 3945 medius
1163 3876 1413 3949 suerat,
1460 3878 1863 3939 transmiss'o:
1906 3880 2219 3962 pass'uum·

269 3964 400 4044 q'ue
428 3964 576 4025 fere
607 3963 786 4025 mille
815 3964 1242 4027 ducentorum
1281 3959 1624 4051 intervallo
1668 3958 1745 4020 ab
1776 3956 1953 4021 hoste
1987 3958 2219 4022 confli-

337 4120 484 4243 CaB.
499 4120 680 4174 xxn.
708 4112 986 4175 Zonaras.
1002 4118 1208 4191 Polyb.
1247 4118 1328 4175 Ca
1375 4157 1391 4172 .
1411 4118 1618 4173 xxm.
1642 4124 1925 4177 Zonaras.
1956 4114 2124 4171 Auct.
2142 4116 2213 4170 de

267 4184 380 4243 vir.
399 4189 420 4242 i
549 4200 670 4243 rte.
685 4195 774 4259 4⁰·
811 4194 1092 4247 Zonaras.
1144 4187 1288 4260 Cap.
1434 4190 1508 4245 V.
1528 4186 1797 4245 Frontin.
1819 4187 2069 4259 Strateg.
2092 4206 2143 4255 a,
2158 4205 2211 4243 2.
