2859 4717
665 268 754 333 m
793 264 1094 331 Locum
1135 264 1295 333 mn.
1329 264 1501 327 xm.
1546 264 1771 329 mvn.
2096 266 2187 347 7⁵

331 479 414 537 L.
465 471 1036 558 Carthaginienses
1071 466 1264 546 enim,
1312 471 1849 555 Syracusanorum
1882 476 2054 557 agris
2072 496 2181 539 va·
2240 473 2309 529 U.
2331 490 2383 527 c.
2402 472 2524 557 475.

201 555 382 621 statis
409 600 428 631 ,
497 558 700 643 ipsam
734 574 992 651 quoque
1029 554 1258 617 urbem
1307 551 1799 625 claffe‘centum
1830 558 2085 619 navium
2120 570 2183 619 et
2229 546 2521 627 qao-clugn-

205 639 506 727 pedessri
543 640 1010 723 quinquaginta
1041 637 1312 699 millium
1347 638 1641 699 exercitu
1677 628 1853 699 terra
1894 640 2185 724 marique
2210 614 2545 733 2222&ss

209 720 608 783 clauserant.
679 719 885 803 Igitur
903 716 1216 798 Pyrrhus,
1259 740 1392 781 non
1422 719 1587 781 ultra
1618 716 2058 781 differendum
2086 742 2186 783 ra·
2215 700 2391 803 sidine

209 814 318 865 tus
339 846 356 876 ,
407 804 704 874 Cineam,
751 799 932 879 cujus
964 800 1231 882 ingenio
1255 799 1519 885 fideque
1538 801 1883 882 plurimum
1908 802 2003 863 uti
2034 822 2189 863 con·
2396 786 2413 805 “

217 899 564 957 sueverat,
609 882 990 968 praemittit,
1035 900 1182 942 cum
1211 884 1449 945 Siculis
1468 882 1841 945 civitatibus
1870 882 2191 945 conditio-

215 986 338 1028 nes
398 968 724 1062 legesque
777 962 1120 1025 foederum
1175 978 1242 1026 et
1296 964 1615 1029 amicitiae
1660 965 2189 1061 composi-turum.

221 1048 250 1108 1
301 1047 402 1121 se,
449 1069 676 1113 socius
711 1046 1054 1107 discess'um
1083 1055 1276 1130 aegre
1311 1047 1607 1109 serentes
1648 1048 2035 1120 consolatus,
2080 1048 2193 1105 sia

289 1132 534 1187 omanis
566 1134 1032 1206 premerentur,
1105 1144 1138 1183 e
1185 1130 1388 1189 vicina
1422 1128 1641 1186 insula,
1670 1131 1738 1185 in
1772 1137 2047 1201 tempore
2084 1126 2193 1185 nd-

211 1196 520 1271 futurum
557 1216 720 1264 esse,
781 1214 1080 1253 novorum
1124 1198 1318 1254 etiam
1371 1200 1681 1255 seclorum
1716 1200 2069 1255 accessione
2103 1198 2195 1253 nln-

225 1282 660 1348 structiorem,
701 1263 1077 1351 spopondit·
1157 1264 1372 1361 Quum
1419 1281 1633 1329 autem
1678 1264 2061 1351 praesidium
2124 1266 2195 1325 in

230 1348 396 1412 urbe
425 1347 772 1413 'Tarentina
819 1347 1170 1410 relicturus
1201 1349 1381 1420 esset,
1421 1370 1619 1431 aegre
1652 1350 1809 1433 pam
1832 1348 2191 1418 Tarentini,

235 1436 312 1483 ut
345 1430 467 1485 sibi
501 1431 592 1487 vel
668 1438 980 1486 mestar-et
1011 1432 1386 1503 promissum
1421 1432 1739 1489 auxilium
1774 1432 1856 1487 iis
1891 1428 2194 1487 conditio·
2264 1418 2535 1503 ,Tasfinn'ffl'

238 1496 464 1565 πίδιιε,
519 1501 622 1575 qui
667 1517 736 1555 us
773 1499 1072 1563 venisset,
1125 1506 1241 1554 aut
1273 1498 1502 1555 saltem
1542 1501 1752 1555 urbem
1788 1517 1971 1555 suam
2004 1498 2192 1555 relin·
2223 1490 2536 1558 ΜΜῙΜΨΟ·

244 1582 462 1645 queret
493 1576 786 1645 liberam,
837 1564 1336 1662 postulaverunt.
1426 1572 1670 1629 Neutra
1713 1587 1820 1628 res
1860 1565 2197 1648 impetrari
2268 1569 2467 1610 ‘mua

237 1644 496 1725 potuit,
547 1646 710 1707 nihil
754 1666 937 1731 aeqm
971 1647 1401 1732 respondente
1438 1648 1714 1733 PyrrhO,
1769 1646 1887 1711 sed
1935 1646 2197 1728 jubente
2227 1624 2454 1692 Pyrrho.

243 1744 432 1785 suum
475 1738 729 1812 tempus
756 1728 1156 1825 exspectari.
2562 1737 2569 1743 ·

359 1888 470 1949 Ll.
531 1890 666 1953 Has
715 1891 886 1957 inter
939 1914 1126 1956 curas
1173 1896 1230 1955 E
1281 1894 1488 1957 irotae
1530 1892 1752 1977 regis,
1828 1866 2195 1955 consulibus

233 1964 482 2031 bellum
517 1972 819 2035 adversus
847 1988 1114 2051 eeteros
1155 1916 1368 2041 holiles
1411 1974 1673 2038 facilius
1710 1973 1856 2037 fuit.
1923 1978 2055 2037 Res
2077 1974 2197 2036 ita-

236 2070 365 2132 que
397 2068 620 2117 contra
653 2058 1003 2133 EtruSCOS,
1056 2058 1406 2132 Lucanos‚·
1442 2056 1737 2119 Bruttios
1772 2068 1839 2117 et
1878 2056 2199 2117 Samnites

235 2133 397 2215 pros
438 2152 551 2197 ere
585 2136 788 2220 gestas
831 2138 956 2201 hoc
981 2140 1286 2222 'tempore
1326 2140 1501 2222 lego.
1574 2140 1733 2201 Cum
1764 2138 2061 2199 Etruscis
2079 2137 2198 2201 mi.
2278 2192 2284 2196 .

235 2233 357 2275 nus
411 2217 568 2279 uiss'e
597 2221 1018 2282 certaminum
1038 2220 1324 2305 adparet,
1371 2220 1546 2305 qubd
1564 2240 1647 2281 ex
1666 2240 1745 2280 eo
1766 2218 1939 2281 bello
1973 2218 2207 2279 trium-'
2264 2238 2489 2292 guum·

239 2293 498 2375 phatum
536 2318 662 2363 non
707 2299 815 2362 est.
901 2308 1128 2388 Neque
1159 2322 1303 2363 cum
1329 2299 1625 2363 universa
1648 2314 1865 2383 gente,
1913 2299 2031 2361 sed
2057 2319 2201 2360 cum
2228 2311 2513 2364 vincuntur

243 2396 365 2438 una
405 2394 512 2442 aut
551 2382 752 2444 altera
789 2383 1091 2457 civitate,
1135 2406 1222 2467 pu
1269 2394 1487 2445 natum
1533 2382 1661 2443 effe
1698 2394 1891 2465 puto,
1939 2401 2123 2463 quae,
2166 2400 2203 2439 a
2254 2376 2491 2461 qflonia-

245 2456 635 2523 Samnitibus
667 2506 684 2537 ,
750 2464 1026 2528 discess'u
1066 2468 1231 2548 Pyrr
1277 2465 1300 2528 i
1343 2486 1417 2528 se
1468 2464 1699 2525 nudari
1746 2460 2200 2531 sentientibus,
2229 2464 2340 2500 ’¹¹⁸-

239 2540 455 2604 acrius
489 2544 868 2609 sollicitatae
889 2590 906 2623 ,
997 2547 1149 2610 osita
1177 2566 1388 2632 nuper
1421 2536 1727 2607 adversus
1748 2546 2073 2605 Romanos
2102 2564 2205 2603 ar·-

233 2639 332 2680 ma
369 2622 586 2701 resum
633 2626 857 2690 serint.
943 2631 1200 2693 Ceteris
1237 2630 1304 2689 in
1349 2643 1437 2713 po
1486 2628 1613 2689 ulis
1637 2670 1654 2699 ‚
1716 2626 1810 2687 uti
1849 2624 2054 2705 major
2088 2624 2203 2686 ali—

236 2720 478 2784 quanto
515 2707 600 2769 be
625 2708 674 2769 li
707 2711 946 2783 moles,
991 2712 1080 2774 ita
1113 2712 1385 2773 victoria
1417 2712 1443 2771 i
1471 2706 1725 2771 lustrior
1746 2707 1889 2768 suit.
1978 2709 2048 2769 C.
2083 2708 2203 2767 Fa-

233 2780 486 2849 bricius
527 2788 770 2860 consul,
816 2791 1142 2873 profecto,
1190 2804 1260 2852 ut
1292 2792 1663 2873 conjectura
1705 2788 1825 2861 est,
1886 2789 1951 2849 in
1976 2791 2205 2850 Etrus-

232 2884 370 2929 cum
397 2870 648 2931 bellum
679 2870 949 2965 collega,
994 2872 1192 2956 quod,
1248 2874 1543 2958 Epirotis
1582 2869 1993 2943 cessantibus,
2040 2891 2207 2931 unus

237 2950 596 3013 consularis
657 2966 981 3015 exercitus
1029 2952 1343 3019 sufficere
1399 2954 1739 3018 videretur
1772 2996 1789 3025 ,
1880 2954 2199 3025 Lucanos,

234 3030 572 3105 Bruttios,
626 3033 1050 3109 Tarentinos,
1097 3036 1545 3120 Samnitesque
1582 3036 1856 3099 cecidit:
1906 3035 2201 3097 civitates

238 3112 508 3198 aliquot,
533 3114 602 3175 in
625 3115 862 3198 quibus
886 3130 952 3177 et
973 3118 1376 3188 Heracleam,
1423 3116 1757 3181 adstrinxit
1777 3116 2159 3179 foederibus
2186 3134 2203 3175 ε

239 3190 454 3289 deque
487 3194 592 3256 bis
609 3198 873 3291 populis
911 3197 1210 3261 omnibus
1239 3213 1384 3273 apte
1419 3200 1595 3261 diem
1624 3199 1777 3261 Idus
1804 3196 2206 3261 Decembres

237 3275 682 3361 triumphavit.
2084 3294 2093 3305 ‘
2154 3286 2167 3295 ’

2280 2923 2409 2973 Item
2426 2920 2522 2969 alit

2227 2990 2411 3062 populi
2430 2990 2511 3039 Ita
2523 3021 2535 3027 -

2230 3062 2349 3114 lisia

302 3474 316 3479 ,
366 3412 498 3473 L11.
547 3411 842 3474 Comitiis
888 3412 1127 3475 deinde
1159 3410 1445 3495 peractis
1459 3436 1485 3484 ·,
1546 3409 1841 3475 consules
1871 3410 1939 3470 in
1974 3425 2207 3469 annum

243 3506 626 3572 sequentem
679 3492 986 3576 designati
1041 3506 1190 3558 sunt
1228 3496 1304 3555 P.
1355 3494 1699 3555 Cornelius
1746 3490 2016 3554 Rufinus
2082 3492 2205 3551 ite-

239 3590 424 3646 rum,
495 3576 564 3639 C.
604 3576 836 3639 Junius
881 3580 1120 3637 Brutus
1165 3574 1421 3638 iterum.
1534 3574 1692 3636 Cum
1730 3572 1967 3635 Rufino
2018 3572 2204 3633 nobi-

241 3648 340 3714 les
385 3654 576 3717 etiam
618 3658 726 3718 alii
768 3658 1138 3741 petierant3
1243 3656 1396 3731 sed,
1434 3648 1446 3671 ⁸
1481 3656 1591 3719 hic
1632 3669 1703 3717 ut
1746 3654 1971 3725 fleret,
2042 3652 2204 3717 effe·-

244 3732 334 3796 cit
381 3736 668 3801 Fabricii
719 3739 946 3802 favor:
1045 3742 1192 3825 qui,
1273 3754 1571 3824 tempora
1626 3736 2025 3820 reipublicae
2091 3733 2201 3796 ha-

242 3812 406 3882 bens
451 3820 524 3881 ‘in
583 3820 880 3895 consilio,
929 3856 936 3861 ·
979 3822 1227 3905 patriae
1285 3823 1559 3885 salutem
1607 3820 1880 3905 privatis
1926 3818 2201 3879 inimici-

245 3898 356 3961 tiis
401 3903 853 3986 anteponebat.
935 3908 1095 3967 Nam
1131 3924 1212 3967 ex
1260 3902 1773 3968 dimmilitudine
1820 3921 2071 3962 morum
2114 3900 2203 3961 si·
2278 3928 2289 3939 ·

209 4050 217 4058 '
314 4048 394 4103 Ca
443 4089 458 4105 .
489 4053 556 4105 1..
591 4051 844 4121 Diodor.
881 4016 1042 4109 plut.
1071 4054 1120 4109 A
1163 4055 1324 4127 pian.
1360 4034 1515 4110 Plut.
1588 4052 1732 4134 Gap.
1766 4050 1859 4105 LI.
1898 4048 2199 4121 Limnpzt.

249 4118 330 4172 aa.
416 4132 618 4193 utrop.
647 4121 687 4177 l.
719 4140 770 4177 a.
811 4123 1080 4196 Cic.'pro
1163 4126 1319 4192 albo,
1348 4142 1402 4181 e.
1429 4140 1519 4181 aa.
1556 4121 1701 4176 Fam
1730 4118 1981 4194 Capitol.
2056 4120 2199 4191 Cap.

246 4184 364 4275 Lu..
403 4190 812 4273 Quintilianus,
833 4210 916 4261 ια,
939 4212 986 4249 ι.
1074 4244 1084 4253 .

415 4408 469 4437 *s
