<?xml version="1.0" encoding="UTF-8"?>
<!DOCTYPE html PUBLIC "-//W3C//DTD XHTML 1.0 Transitional//EN"
    "http://www.w3.org/TR/xhtml1/DTD/xhtml1-transitional.dtd">
<html xmlns="http://www.w3.org/1999/xhtml" xml:lang="en" lang="en">
 <head>
  <title>
</title>
<meta http-equiv="Content-Type" content="text/html;charset=utf-8" />
  <meta name='ocr-system' content='tesseract 3.04.00' />
  <meta name='ocr-capabilities' content='ocr_page ocr_carea ocr_par ocr_line ocrx_word'/>
</head>
<body>
  <div class='ocr_page' id='page_1' title='image "./tliviipatavinih22unkngoog_0162.png"; bbox 0 0 2859 4717; ppageno 0'>
   <div class='ocr_carea' id='block_1_1' title="bbox 628 274 2585 363">
    <p class='ocr_par' dir='ltr' id='par_1_1' title="bbox 628 274 2585 363">
     <span class='ocr_line' id='line_1_1' title="bbox 628 274 2585 363; baseline -0.003 -3"><span class='ocrx_word' id='word_1_1' title='bbox 628 328 637 335; x_wconf 94' lang='lat'>-</span> <span class='ocrx_word' id='word_1_2' title='bbox 686 298 798 363; x_wconf 71' lang='lat'><strong>15⁶</strong></span> <span class='ocrx_word' id='word_1_3' title='bbox 838 274 1395 362; x_wconf 71' lang='lat' dir='ltr'><strong>rnssm&#39;sunun</strong></span> <span class='ocrx_word' id='word_1_4' title='bbox 1436 286 2256 357; x_wconf 69' lang='lat' dir='ltr'><strong>suprmzmzmontm</strong></span> <span class='ocrx_word' id='word_1_5' title='bbox 2281 287 2585 355; x_wconf 76' lang='lat' dir='ltr'><strong>1.1=.v11.</strong></span> 
     </span>
    </p>
   </div>
   <div class='ocr_carea' id='block_1_2' title="bbox 341 494 2642 809">
    <p class='ocr_par' dir='ltr' id='par_1_2' title="bbox 341 494 2642 761">
     <span class='ocr_line' id='line_1_2' title="bbox 341 494 2640 588; baseline -0.004 -22"><span class='ocrx_word' id='word_1_6' title='bbox 341 502 476 559; x_wconf 87' lang='lat' dir='ltr'><strong>U·c·</strong></span> <span class='ocrx_word' id='word_1_7' title='bbox 496 504 619 575; x_wconf 73' lang='lat'>49³¹·</span> <span class='ocrx_word' id='word_1_8' title='bbox 680 521 941 588; x_wconf 81' lang='lat' dir='ltr'><strong>proram</strong></span> <span class='ocrx_word' id='word_1_9' title='bbox 960 500 1448 565; x_wconf 75' lang='lat' dir='ltr'><strong>demittebatur.</strong></span> <span class='ocrx_word' id='word_1_10' title='bbox 1515 512 1652 560; x_wconf 86' lang='lat' dir='ltr'><strong>tum</strong></span> <span class='ocrx_word' id='word_1_11' title='bbox 1670 540 1688 573; x_wconf 90' lang='lat'>,</span> <span class='ocrx_word' id='word_1_12' title='bbox 1733 496 1955 581; x_wconf 84' lang='lat' dir='ltr'><strong>quotie</strong></span> <span class='ocrx_word' id='word_1_13' title='bbox 2019 494 2390 571; x_wconf 67' lang='lat' dir='ltr'><strong>volumem,</strong></span> <span class='ocrx_word' id='word_1_14' title='bbox 2431 508 2640 558; x_wconf 78' lang='lat' dir='ltr'><strong>attra-</strong></span> 
     </span>
     <span class='ocr_line' id='line_1_3' title="bbox 429 576 2642 661; baseline -0.005 -10"><span class='ocrx_word' id='word_1_15' title='bbox 429 596 590 652; x_wconf 73' lang='lat' dir='ltr'><strong>Usus.</strong></span> <span class='ocrx_word' id='word_1_16' title='bbox 682 598 789 647; x_wconf 89' lang='lat' dir='ltr'><strong>cto</strong></span> <span class='ocrx_word' id='word_1_17' title='bbox 828 582 982 645; x_wconf 86' lang='lat' dir='ltr'><strong>fune</strong></span> <span class='ocrx_word' id='word_1_18' title='bbox 1004 626 1021 656; x_wconf 89' lang='lat'>‚</span> <span class='ocrx_word' id='word_1_19' title='bbox 1068 583 1163 646; x_wconf 83' lang='lat' dir='ltr'><strong>eri</strong></span> <span class='ocrx_word' id='word_1_20' title='bbox 1214 583 1441 645; x_wconf 78' lang='lat' dir='ltr'><strong>ebatur</strong></span> <span class='ocrx_word' id='word_1_21' title='bbox 1467 580 1634 641; x_wconf 82' lang='lat' dir='ltr'><strong>scala</strong></span> <span class='ocrx_word' id='word_1_22' title='bbox 1655 622 1672 652; x_wconf 92' lang='lat'>‚</span> <span class='ocrx_word' id='word_1_23' title='bbox 1719 578 1942 639; x_wconf 83' lang='lat' dir='ltr'><strong>remiss&#39;</strong></span> <span class='ocrx_word' id='word_1_24' title='bbox 2005 576 2234 639; x_wconf 84' lang='lat' dir='ltr'><strong>ruebat</strong></span> <span class='ocrx_word' id='word_1_25' title='bbox 2252 619 2269 651; x_wconf 84' lang='lat'><strong>‚</strong></span> <span class='ocrx_word' id='word_1_26' title='bbox 2355 576 2642 661; x_wconf 82' lang='lat' dir='ltr'><strong>uidquid</strong></span> 
     </span>
     <span class='ocr_line' id='line_1_4' title="bbox 683 656 2638 761; baseline -0.004 -34"><span class='ocrx_word' id='word_1_27' title='bbox 683 663 1142 761; x_wconf 70' lang='lat' dir='ltr'><strong>comprehend&#39;</strong></span> <span class='ocrx_word' id='word_1_28' title='bbox 1200 676 1295 738; x_wconf 87' lang='lat' dir='ltr'><strong>et,</strong></span> <span class='ocrx_word' id='word_1_29' title='bbox 1340 660 1570 725; x_wconf 80' lang='lat' dir='ltr'><strong>infesto</strong></span> <span class='ocrx_word' id='word_1_30' title='bbox 1601 660 1808 724; x_wconf 83' lang='lat' dir='ltr'><strong>ferrei</strong></span> <span class='ocrx_word' id='word_1_31' title='bbox 1844 656 1979 741; x_wconf 78' lang='lat' dir='ltr'><strong>styli</strong></span> <span class='ocrx_word' id='word_1_32' title='bbox 2009 658 2302 722; x_wconf 79' lang='lat' dir='ltr'><strong>acumine</strong></span> <span class='ocrx_word' id='word_1_33' title='bbox 2379 656 2638 744; x_wconf 62' lang='lat' dir='ltr'><strong>eligens</strong></span> 
     </span>
    </p>

    <p class='ocr_par' dir='ltr' id='par_1_3' title="bbox 678 760 1093 809">
     <span class='ocr_line' id='line_1_5' title="bbox 678 760 1093 809; baseline -0.005 0"><span class='ocrx_word' id='word_1_34' title='bbox 678 760 747 809; x_wconf 85' lang='lat' dir='ltr'><strong>et</strong></span> <span class='ocrx_word' id='word_1_35' title='bbox 779 766 1093 809; x_wconf 73' lang='lat' dir='ltr'><strong>vinctem.</strong></span> 
     </span>
    </p>
   </div>
   <div class='ocr_carea' id='block_1_3' title="bbox 338 868 2636 1297">
    <p class='ocr_par' dir='ltr' id='par_1_4' title="bbox 801 868 2636 955">
     <span class='ocr_line' id='line_1_6' title="bbox 801 868 2636 955; baseline -0.005 -12"><span class='ocrx_word' id='word_1_36' title='bbox 801 876 940 943; x_wconf 85' lang='lat' dir='ltr'><strong>Vn.</strong></span> <span class='ocrx_word' id='word_1_37' title='bbox 1000 878 1177 939; x_wconf 82' lang='lat' dir='ltr'><strong>Inter</strong></span> <span class='ocrx_word' id='word_1_38' title='bbox 1206 875 1367 941; x_wconf 87' lang='lat' dir='ltr'><strong>haec</strong></span> <span class='ocrx_word' id='word_1_39' title='bbox 1400 878 1471 939; x_wconf 90' lang='lat' dir='ltr'><strong>C.</strong></span> <span class='ocrx_word' id='word_1_40' title='bbox 1501 874 1762 945; x_wconf 78' lang='lat' dir='ltr'>Duilius</span> <span class='ocrx_word' id='word_1_41' title='bbox 1799 869 2050 945; x_wconf 77' lang='lat' dir='ltr'><strong>consul,</strong></span> <span class='ocrx_word' id='word_1_42' title='bbox 2115 868 2398 955; x_wconf 83' lang='lat' dir='ltr'><strong>pedestri</strong></span> <span class='ocrx_word' id='word_1_43' title='bbox 2440 891 2636 934; x_wconf 84' lang='lat' dir='ltr'><strong>exer-</strong></span> 
     </span>
    </p>

    <p class='ocr_par' dir='ltr' id='par_1_5' title="bbox 677 954 2633 1039">
     <span class='ocr_line' id='line_1_7' title="bbox 677 954 2633 1039; baseline -0.002 -20"><span class='ocrx_word' id='word_1_44' title='bbox 677 957 811 1019; x_wconf 90' lang='lat' dir='ltr'><strong>citu</strong></span> <span class='ocrx_word' id='word_1_45' title='bbox 862 957 1140 1020; x_wconf 84' lang='lat' dir='ltr'><strong>tribunis</strong></span> <span class='ocrx_word' id='word_1_46' title='bbox 1186 958 1462 1033; x_wconf 84' lang='lat' dir='ltr'><strong>tradito,</strong></span> <span class='ocrx_word' id='word_1_47' title='bbox 1526 956 1605 1020; x_wconf 82' lang='lat' dir='ltr'><strong>ad</strong></span> <span class='ocrx_word' id='word_1_48' title='bbox 1637 974 1832 1020; x_wconf 76' lang='lat' dir='ltr'><strong>naves</strong></span> <span class='ocrx_word' id='word_1_49' title='bbox 1865 955 2080 1015; x_wconf 82' lang='lat' dir='ltr'><strong>venit:</strong></span> <span class='ocrx_word' id='word_1_50' title='bbox 2141 954 2633 1039; x_wconf 86' lang='lat' dir='ltr'><strong>intellectoque,</strong></span> 
     </span>
    </p>

    <p class='ocr_par' dir='ltr' id='par_1_6' title="bbox 674 1018 2636 1123">
     <span class='ocr_line' id='line_1_8' title="bbox 674 1018 2636 1123; baseline -0.001 -24"><span class='ocrx_word' id='word_1_51' title='bbox 674 1042 746 1099; x_wconf 76' lang='lat' dir='ltr'>M</span> <span class='ocrx_word' id='word_1_52' title='bbox 781 1041 982 1101; x_wconf 69' lang='lat' dir='ltr'><strong>latten</strong></span> <span class='ocrx_word' id='word_1_53' title='bbox 1002 1039 1335 1123; x_wconf 77' lang='lat' dir='ltr'>regionem</span> <span class='ocrx_word' id='word_1_54' title='bbox 1354 1040 1430 1102; x_wconf 86' lang='lat' dir='ltr'><strong>ab</strong></span> <span class='ocrx_word' id='word_1_55' title='bbox 1448 1036 1626 1101; x_wconf 79' lang='lat' dir='ltr'><strong>hoste</strong></span> <span class='ocrx_word' id='word_1_56' title='bbox 1663 1034 1904 1110; x_wconf 82' lang='lat' dir='ltr'><strong>vastari,</strong></span> <span class='ocrx_word' id='word_1_57' title='bbox 1949 1055 2096 1095; x_wconf 89' lang='lat' dir='ltr'><strong>cum</strong></span> <span class='ocrx_word' id='word_1_58' title='bbox 2123 1018 2415 1095; x_wconf 78' lang='lat' dir='ltr'><strong>universa</strong></span> <span class='ocrx_word' id='word_1_59' title='bbox 2441 1036 2636 1097; x_wconf 80' lang='lat' dir='ltr'><strong>class&#39;e</strong></span> 
     </span>
    </p>

    <p class='ocr_par' dir='ltr' id='par_1_7' title="bbox 338 1061 2632 1297">
     <span class='ocr_line' id='line_1_9' title="bbox 388 1061 2632 1205; baseline -0.002 -23"><span class='ocrx_word' id='word_1_60' title='bbox 388 1142 619 1197; x_wconf 55' lang='lat' dir='ltr'><strong>mnu.</strong></span> <span class='ocrx_word' id='word_1_61' title='bbox 678 1061 783 1181; x_wconf 78' lang='lat' dir='ltr'><strong>ady</strong></span> <span class='ocrx_word' id='word_1_62' title='bbox 790 1142 929 1183; x_wconf 87' lang='lat' dir='ltr'><strong>eam</strong></span> <span class='ocrx_word' id='word_1_63' title='bbox 951 1142 1129 1182; x_wconf 82' lang='lat' dir='ltr'><strong>oram</strong></span> <span class='ocrx_word' id='word_1_64' title='bbox 1146 1116 1608 1205; x_wconf 80' lang='lat' dir='ltr'><strong>proficiscitur.</strong></span> <span class='ocrx_word' id='word_1_65' title='bbox 1668 1120 1860 1180; x_wconf 81' lang='lat' dir='ltr'><strong>Grata</strong></span> <span class='ocrx_word' id='word_1_66' title='bbox 1879 1138 1986 1177; x_wconf 81' lang='lat' dir='ltr'><strong>res</strong></span> <span class='ocrx_word' id='word_1_67' title='bbox 2008 1114 2632 1199; x_wconf 70' lang='lat' dir='ltr'><strong>Carthaginienfibus</strong></span> 
     </span>
     <span class='ocr_line' id='line_1_10' title="bbox 338 1196 2632 1297; baseline -0.003 -34"><span class='ocrx_word' id='word_1_68' title='bbox 338 1212 599 1281; x_wconf 69' lang='lat' dir='ltr'><strong>ginienses</strong></span> <span class='ocrx_word' id='word_1_69' title='bbox 677 1199 824 1275; x_wconf 82' lang='lat' dir='ltr'><strong>fuit,</strong></span> <span class='ocrx_word' id='word_1_70' title='bbox 870 1201 1005 1297; x_wconf 84' lang='lat' dir='ltr'><strong>qui,</strong></span> <span class='ocrx_word' id='word_1_71' title='bbox 1048 1200 1384 1263; x_wconf 67' lang='lat' dir='ltr'><strong>adversum</strong></span> <span class='ocrx_word' id='word_1_72' title='bbox 1404 1202 1913 1263; x_wconf 84' lang='lat' dir='ltr'><strong>mediterraneos</strong></span> <span class='ocrx_word' id='word_1_73' title='bbox 1945 1196 2242 1259; x_wconf 87' lang='lat' dir='ltr'><strong>homines</strong></span> <span class='ocrx_word' id='word_1_74' title='bbox 2271 1211 2336 1259; x_wconf 89' lang='lat' dir='ltr'><strong>et</strong></span> <span class='ocrx_word' id='word_1_75' title='bbox 2353 1198 2454 1258; x_wconf 83' lang='lat' dir='ltr'><strong>rei</strong></span> <span class='ocrx_word' id='word_1_76' title='bbox 2471 1218 2632 1257; x_wconf 85' lang='lat' dir='ltr'><strong>nau-</strong></span> 
     </span>
    </p>
   </div>
   <div class='ocr_carea' id='block_1_4' title="bbox 234 1277 2632 1367">
    <p class='ocr_par' dir='ltr' id='par_1_8' title="bbox 234 1277 2632 1367">
     <span class='ocr_line' id='line_1_11' title="bbox 234 1277 2632 1367; baseline -0.001 -26"><span class='ocrx_word' id='word_1_77' title='bbox 234 1314 249 1341; x_wconf 60' lang='lat' dir='ltr'>x</span> <span class='ocrx_word' id='word_1_78' title='bbox 336 1280 512 1333; x_wconf 71' lang='lat' dir='ltr'><strong>classe</strong></span> <span class='ocrx_word' id='word_1_79' title='bbox 534 1296 652 1332; x_wconf 69' lang='lat'><strong>⁶⁰⁸·</strong></span> <span class='ocrx_word' id='word_1_80' title='bbox 678 1282 843 1344; x_wconf 89' lang='lat' dir='ltr'><strong>ticae</strong></span> <span class='ocrx_word' id='word_1_81' title='bbox 890 1281 1441 1367; x_wconf 78' lang='lat' dir='ltr'><strong>imperitiss&#39;imos,</strong></span> <span class='ocrx_word' id='word_1_82' title='bbox 1515 1296 1754 1345; x_wconf 84' lang='lat' dir='ltr'><strong>certam</strong></span> <span class='ocrx_word' id='word_1_83' title='bbox 1804 1280 1928 1341; x_wconf 88' lang='lat' dir='ltr'><strong>sibi</strong></span> <span class='ocrx_word' id='word_1_84' title='bbox 1975 1277 2312 1339; x_wconf 83' lang='lat' dir='ltr'><strong>victoriam</strong></span> <span class='ocrx_word' id='word_1_85' title='bbox 2354 1280 2632 1363; x_wconf 86' lang='lat' dir='ltr'><strong>pollice-</strong></span> 
     </span>
    </p>
   </div>
   <div class='ocr_carea' id='block_1_5' title="bbox 30 3689 36 4522">
    <p class='ocr_par' dir='ltr' id='par_1_9' title="bbox 30 3689 36 4522">
     <span class='ocr_line' id='line_1_12' title="bbox 30 3689 36 4522; baseline 0 0"><span class='ocrx_word' id='word_1_86' title='bbox 30 3689 36 4522; x_wconf 95' lang='lat' dir='ltr'><strong> </strong></span> 
     </span>
    </p>
   </div>
   <div class='ocr_carea' id='block_1_6' title="bbox 333 1348 2632 1933">
    <p class='ocr_par' dir='ltr' id='par_1_10' title="bbox 333 1348 2632 1694">
     <span class='ocr_line' id='line_1_13' title="bbox 336 1348 2632 1449; baseline -0.002 -25"><span class='ocrx_word' id='word_1_87' title='bbox 336 1348 493 1429; x_wconf 53' lang='lat'><strong>83‘45</strong></span> <span class='ocrx_word' id='word_1_88' title='bbox 562 1362 651 1401; x_wconf 59' lang='grc' dir='ltr'><strong>θ’·</strong></span> <span class='ocrx_word' id='word_1_89' title='bbox 676 1360 944 1424; x_wconf 79' lang='lat' dir='ltr'><strong>bantur:</strong></span> <span class='ocrx_word' id='word_1_90' title='bbox 1010 1364 1141 1447; x_wconf 85' lang='lat' dir='ltr'><strong>ipsi</strong></span> <span class='ocrx_word' id='word_1_91' title='bbox 1186 1385 1445 1449; x_wconf 76' lang='lat' dir='ltr'><strong>auoque</strong></span> <span class='ocrx_word' id='word_1_92' title='bbox 1484 1362 1868 1426; x_wconf 85' lang='lat' dir='ltr'><strong>documento</strong></span> <span class='ocrx_word' id='word_1_93' title='bbox 1916 1359 2152 1430; x_wconf 81' lang='lat' dir='ltr'><strong>futuri,</strong></span> <span class='ocrx_word' id='word_1_94' title='bbox 2213 1358 2456 1435; x_wconf 69' lang='lat' dir='ltr'><strong>nullum</strong></span> <span class='ocrx_word' id='word_1_95' title='bbox 2489 1380 2632 1419; x_wconf 86' lang='lat' dir='ltr'><strong>um-</strong></span> 
     </span>
     <span class='ocr_line' id='line_1_14' title="bbox 333 1425 2628 1537; baseline -0 -33"><span class='ocrx_word' id='word_1_96' title='bbox 333 1425 516 1487; x_wconf 59' lang='lat' dir='ltr'><strong>&#39;mu&#39;</strong></span> <span class='ocrx_word' id='word_1_97' title='bbox 679 1464 867 1527; x_wconf 90' lang='lat' dir='ltr'><strong>quam</strong></span> <span class='ocrx_word' id='word_1_98' title='bbox 903 1442 1143 1507; x_wconf 85' lang='lat' dir='ltr'><strong>bostem</strong></span> <span class='ocrx_word' id='word_1_99' title='bbox 1178 1438 1264 1507; x_wconf 71' lang='lat' dir='ltr'><strong>iia</strong></span> <span class='ocrx_word' id='word_1_100' title='bbox 1298 1444 1624 1509; x_wconf 84' lang='lat' dir='ltr'><strong>contemni</strong></span> <span class='ocrx_word' id='word_1_101' title='bbox 1663 1456 1969 1537; x_wconf 73' lang='lat' dir='ltr'><strong>oportere</strong></span> <span class='ocrx_word' id='word_1_102' title='bbox 1992 1484 2008 1513; x_wconf 93' lang='lat'>,</span> <span class='ocrx_word' id='word_1_103' title='bbox 2055 1453 2125 1501; x_wconf 87' lang='lat' dir='ltr'><strong>ut</strong></span> <span class='ocrx_word' id='word_1_104' title='bbox 2159 1439 2499 1525; x_wconf 82' lang='lat' dir='ltr'>quidquam</span> <span class='ocrx_word' id='word_1_105' title='bbox 2537 1438 2628 1503; x_wconf 86' lang='lat' dir='ltr'><strong>de</strong></span> 
     </span>
     <span class='ocr_line' id='line_1_15' title="bbox 678 1518 2628 1611; baseline -0.002 -26"><span class='ocrx_word' id='word_1_106' title='bbox 678 1524 948 1587; x_wconf 87' lang='lat' dir='ltr'><strong>cavendi</strong></span> <span class='ocrx_word' id='word_1_107' title='bbox 996 1525 1333 1611; x_wconf 81' lang='lat' dir='ltr'><strong>diligentia</strong></span> <span class='ocrx_word' id='word_1_108' title='bbox 1370 1542 1438 1591; x_wconf 91' lang='lat' dir='ltr'><strong>et</strong></span> <span class='ocrx_word' id='word_1_109' title='bbox 1473 1525 1815 1608; x_wconf 73' lang='lat' dir='ltr'><strong>disciplina</strong></span> <span class='ocrx_word' id='word_1_110' title='bbox 1844 1521 2227 1584; x_wconf 83' lang='lat' dir='ltr'><strong>remittatur.</strong></span> <span class='ocrx_word' id='word_1_111' title='bbox 2287 1518 2428 1583; x_wconf 84' lang='lat' dir='ltr'><strong>Dux</strong></span> <span class='ocrx_word' id='word_1_112' title='bbox 2456 1521 2628 1591; x_wconf 77' lang='lat' dir='ltr'><strong>clas-</strong></span> 
     </span>
     <span class='ocr_line' id='line_1_16' title="bbox 678 1600 2631 1694; baseline -0.002 -27"><span class='ocrx_word' id='word_1_113' title='bbox 678 1606 769 1667; x_wconf 89' lang='lat' dir='ltr'><strong>sis</strong></span> <span class='ocrx_word' id='word_1_114' title='bbox 794 1606 1134 1681; x_wconf 83' lang='lat' dir='ltr'><strong>Hannibal,</strong></span> <span class='ocrx_word' id='word_1_115' title='bbox 1185 1608 1243 1669; x_wconf 87' lang='lat' dir='ltr'><strong>is</strong></span> <span class='ocrx_word' id='word_1_116' title='bbox 1274 1609 1384 1694; x_wconf 90' lang='lat' dir='ltr'><strong>qui</strong></span> <span class='ocrx_word' id='word_1_117' title='bbox 1413 1607 1634 1693; x_wconf 85' lang='lat' dir='ltr'><strong>copias</strong></span> <span class='ocrx_word' id='word_1_118' title='bbox 1669 1626 1748 1667; x_wconf 83' lang='lat' dir='ltr'><strong>ex</strong></span> <span class='ocrx_word' id='word_1_119' title='bbox 1773 1604 2131 1688; x_wconf 82' lang='lat' dir='ltr'><strong>Agrigento</strong></span> <span class='ocrx_word' id='word_1_120' title='bbox 2159 1602 2486 1677; x_wconf 80' lang='lat' dir='ltr'><strong>eduxerat,</strong></span> <span class='ocrx_word' id='word_1_121' title='bbox 2522 1600 2631 1665; x_wconf 77' lang='lat' dir='ltr'><strong>se-</strong></span> 
     </span>
    </p>

    <p class='ocr_par' dir='ltr' id='par_1_11' title="bbox 672 1683 2632 1933">
     <span class='ocr_line' id='line_1_17' title="bbox 722 1683 2632 1775; baseline -0.001 -26"><span class='ocrx_word' id='word_1_122' title='bbox 722 1688 951 1751; x_wconf 89' lang='lat' dir='ltr'><strong>tireme</strong></span> <span class='ocrx_word' id='word_1_123' title='bbox 978 1687 1356 1763; x_wconf 75' lang='lat' dir='ltr'><strong>vehebatur,</strong></span> <span class='ocrx_word' id='word_1_124' title='bbox 1389 1710 1552 1775; x_wconf 85' lang='lat' dir='ltr'><strong>quae</strong></span> <span class='ocrx_word' id='word_1_125' title='bbox 1585 1688 1796 1751; x_wconf 85' lang='lat' dir='ltr'><strong>suerat</strong></span> <span class='ocrx_word' id='word_1_126' title='bbox 1818 1686 1994 1768; x_wconf 80' lang='lat' dir='ltr'><strong>regis</strong></span> <span class='ocrx_word' id='word_1_127' title='bbox 2027 1684 2281 1767; x_wconf 77' lang='lat' dir='ltr'><strong>Pyrrhi.</strong></span> <span class='ocrx_word' id='word_1_128' title='bbox 2327 1683 2497 1745; x_wconf 84' lang='lat' dir='ltr'><strong>hunc</strong></span> <span class='ocrx_word' id='word_1_129' title='bbox 2520 1706 2632 1747; x_wconf 87' lang='lat' dir='ltr'><strong>re-</strong></span> 
     </span>
     <span class='ocr_line' id='line_1_18' title="bbox 672 1711 2628 1853; baseline -0.002 -23"><span class='ocrx_word' id='word_1_130' title='bbox 672 1711 890 1853; x_wconf 66' lang='lat' dir='ltr'><strong>fiquae</strong></span> <span class='ocrx_word' id='word_1_131' title='bbox 921 1790 1116 1832; x_wconf 85' lang='lat' dir='ltr'><strong>naves</strong></span> <span class='ocrx_word' id='word_1_132' title='bbox 1153 1790 1223 1832; x_wconf 82' lang='lat' dir='ltr'><strong>se</strong></span> <span class='ocrx_word' id='word_1_133' title='bbox 1274 1772 1621 1843; x_wconf 84' lang='lat' dir='ltr'><strong>uebantur‚</strong></span> <span class='ocrx_word' id='word_1_134' title='bbox 1670 1790 1800 1830; x_wconf 87' lang='lat' dir='ltr'><strong>non</strong></span> <span class='ocrx_word' id='word_1_135' title='bbox 1821 1780 2137 1849; x_wconf 85' lang='lat' dir='ltr'><strong>tamquam</strong></span> <span class='ocrx_word' id='word_1_136' title='bbox 2171 1764 2251 1826; x_wconf 89' lang='lat' dir='ltr'><strong>ad</strong></span> <span class='ocrx_word' id='word_1_137' title='bbox 2279 1764 2628 1850; x_wconf 79' lang='lat' dir='ltr'><strong>proelium,</strong></span> 
     </span>
     <span class='ocr_line' id='line_1_19' title="bbox 672 1846 2632 1933; baseline 0 -23"><span class='ocrx_word' id='word_1_138' title='bbox 672 1870 795 1933; x_wconf 90' lang='lat' dir='ltr'><strong>per</strong></span> <span class='ocrx_word' id='word_1_139' title='bbox 830 1852 1034 1913; x_wconf 80' lang='lat' dir='ltr'><strong>aciem</strong></span> <span class='ocrx_word' id='word_1_140' title='bbox 1071 1865 1137 1912; x_wconf 89' lang='lat' dir='ltr'><strong>et</strong></span> <span class='ocrx_word' id='word_1_141' title='bbox 1180 1850 1271 1912; x_wconf 79' lang='lat' dir='ltr'><strong>di.</strong></span> <span class='ocrx_word' id='word_1_142' title='bbox 1298 1853 1507 1914; x_wconf 86' lang='lat' dir='ltr'><strong>inctos</strong></span> <span class='ocrx_word' id='word_1_143' title='bbox 1544 1848 1809 1912; x_wconf 81' lang='lat' dir='ltr'><strong>ordines</strong></span> <span class='ocrx_word' id='word_1_144' title='bbox 1832 1891 1849 1923; x_wconf 83' lang='lat'><strong>‚</strong></span> <span class='ocrx_word' id='word_1_145' title='bbox 1918 1848 2030 1908; x_wconf 87' lang='lat' dir='ltr'><strong>sed</strong></span> <span class='ocrx_word' id='word_1_146' title='bbox 2056 1890 2072 1921; x_wconf 91' lang='lat'>,</span> <span class='ocrx_word' id='word_1_147' title='bbox 2115 1860 2186 1908; x_wconf 88' lang='lat' dir='ltr'><strong>ut</strong></span> <span class='ocrx_word' id='word_1_148' title='bbox 2221 1846 2457 1933; x_wconf 88' lang='lat' dir='ltr'><strong>cuique</strong></span> <span class='ocrx_word' id='word_1_149' title='bbox 2475 1868 2632 1933; x_wconf 87' lang='lat' dir='ltr'><strong>pro-</strong></span> 
     </span>
    </p>
   </div>
   <div class='ocr_carea' id='block_1_7' title="bbox 678 1928 2230 2015">
    <p class='ocr_par' dir='ltr' id='par_1_12' title="bbox 678 1928 2230 2015">
     <span class='ocr_line' id='line_1_20' title="bbox 678 1928 2230 2015; baseline 0 -26"><span class='ocrx_word' id='word_1_150' title='bbox 678 1952 830 1991; x_wconf 89' lang='lat' dir='ltr'><strong>num</strong></span> <span class='ocrx_word' id='word_1_151' title='bbox 862 1946 1033 2006; x_wconf 88' lang='lat' dir='ltr'><strong>erat,</strong></span> <span class='ocrx_word' id='word_1_152' title='bbox 1075 1928 1345 1995; x_wconf 81' lang='lat' dir='ltr'><strong>hostium</strong></span> <span class='ocrx_word' id='word_1_153' title='bbox 1375 1946 1747 2015; x_wconf 87' lang='lat' dir='ltr'><strong>contemptu</strong></span> <span class='ocrx_word' id='word_1_154' title='bbox 1781 1941 2230 2015; x_wconf 75' lang='lat' dir='ltr'><strong>properantes.</strong></span> 
     </span>
    </p>
   </div>
   <div class='ocr_carea' id='block_1_8' title="bbox 486 1592 510 1639">
    <p class='ocr_par' dir='ltr' id='par_1_13' title="bbox 486 1592 510 1639">
     <span class='ocr_line' id='line_1_21' title="bbox 486 1592 510 1639; baseline 0 0"><span class='ocrx_word' id='word_1_155' title='bbox 486 1592 510 1639; x_wconf 64' lang='lat' dir='ltr'>N</span> 
     </span>
    </p>
   </div>
   <div class='ocr_carea' id='block_1_9' title="bbox 336 2058 2682 4097">
    <p class='ocr_par' dir='ltr' id='par_1_14' title="bbox 365 2058 2632 2162">
     <span class='ocr_line' id='line_1_22' title="bbox 365 2058 2632 2162; baseline -0.001 -38"><span class='ocrx_word' id='word_1_156' title='bbox 365 2110 409 2162; x_wconf 66' lang='lat' dir='ltr'>c</span> <span class='ocrx_word' id='word_1_157' title='bbox 800 2062 969 2124; x_wconf 85' lang='lat' dir='ltr'><strong>Vm.</strong></span> <span class='ocrx_word' id='word_1_158' title='bbox 1014 2060 1100 2123; x_wconf 80' lang='lat' dir='ltr'><strong>At</strong></span> <span class='ocrx_word' id='word_1_159' title='bbox 1186 2060 1470 2144; x_wconf 80' lang='lat' dir='ltr'><strong>ostquam</strong></span> <span class='ocrx_word' id='word_1_160' title='bbox 1501 2061 1774 2144; x_wconf 81' lang='lat' dir='ltr'><strong>propius</strong></span> <span class='ocrx_word' id='word_1_161' title='bbox 1812 2060 2147 2145; x_wconf 80' lang='lat' dir='ltr'><strong>subgressi</strong></span> <span class='ocrx_word' id='word_1_162' title='bbox 2176 2058 2514 2143; x_wconf 76' lang='lat' dir='ltr'><strong>suspensos</strong></span> <span class='ocrx_word' id='word_1_163' title='bbox 2551 2078 2632 2122; x_wconf 76' lang='lat' dir='ltr'><strong>ex</strong></span> 
     </span>
    </p>

    <p class='ocr_par' dir='ltr' id='par_1_15' title="bbox 336 2082 2630 2230">
     <span class='ocr_line' id='line_1_23' title="bbox 336 2082 2630 2230; baseline 0.001 -30"><span class='ocrx_word' id='word_1_164' title='bbox 336 2124 655 2230; x_wconf 49' lang='lat' dir='ltr'><strong>...xxxx</strong></span> <span class='ocrx_word' id='word_1_165' title='bbox 678 2140 902 2224; x_wconf 85' lang='lat' dir='ltr'><strong>proris</strong></span> <span class='ocrx_word' id='word_1_166' title='bbox 944 2082 1247 2203; x_wconf 42' lang='lat' dir='ltr'><strong>auveriae</strong></span> <span class='ocrx_word' id='word_1_167' title='bbox 1288 2141 1493 2224; x_wconf 82' lang='lat' dir='ltr'><strong>partis</strong></span> <span class='ocrx_word' id='word_1_168' title='bbox 1541 2143 1857 2203; x_wconf 77' lang='lat' dir='ltr'><strong>minantes</strong></span> <span class='ocrx_word' id='word_1_169' title='bbox 1905 2163 1985 2205; x_wconf 89' lang='lat' dir='ltr'><strong>ue</strong></span> <span class='ocrx_word' id='word_1_170' title='bbox 2027 2162 2261 2207; x_wconf 76' lang='lat' dir='ltr'><strong>corvos</strong></span> <span class='ocrx_word' id='word_1_171' title='bbox 2305 2140 2630 2214; x_wconf 78' lang='lat' dir='ltr'><strong>viderunt,</strong></span> 
     </span>
    </p>

    <p class='ocr_par' dir='ltr' id='par_1_16' title="bbox 338 2220 2634 2319">
     <span class='ocr_line' id='line_1_24' title="bbox 338 2220 2634 2319; baseline 0 -36"><span class='ocrx_word' id='word_1_172' title='bbox 338 2246 619 2299; x_wconf 50' lang='lat' dir='ltr'><strong>unfra.</strong></span> <span class='ocrx_word' id='word_1_173' title='bbox 680 2222 782 2283; x_wconf 84' lang='lat' dir='ltr'><strong>rei</strong></span> <span class='ocrx_word' id='word_1_174' title='bbox 810 2223 1158 2284; x_wconf 83' lang='lat' dir='ltr'><strong>novitatem</strong></span> <span class='ocrx_word' id='word_1_175' title='bbox 1185 2221 1482 2282; x_wconf 84' lang='lat' dir='ltr'><strong>admirati</strong></span> <span class='ocrx_word' id='word_1_176' title='bbox 1515 2220 1864 2319; x_wconf 71' lang='lat' dir='ltr'><strong>paullisper</strong></span> <span class='ocrx_word' id='word_1_177' title='bbox 1945 2223 2183 2287; x_wconf 84' lang='lat' dir='ltr'><strong>aesere.</strong></span> <span class='ocrx_word' id='word_1_178' title='bbox 2223 2220 2506 2296; x_wconf 85' lang='lat' dir='ltr'><strong>tandem,</strong></span> <span class='ocrx_word' id='word_1_179' title='bbox 2533 2223 2634 2284; x_wconf 83' lang='lat' dir='ltr'><strong>fe-</strong></span> 
     </span>
    </p>

    <p class='ocr_par' dir='ltr' id='par_1_17' title="bbox 340 2302 2630 2389">
     <span class='ocr_line' id='line_1_25' title="bbox 340 2302 2630 2389; baseline 0 -24"><span class='ocrx_word' id='word_1_180' title='bbox 340 2322 455 2367; x_wconf 71' lang='lat' dir='ltr'><strong>tur.</strong></span> <span class='ocrx_word' id='word_1_181' title='bbox 682 2302 1007 2365; x_wconf 77' lang='lat' dir='ltr'><strong>rociss&#39;imo</strong></span> <span class='ocrx_word' id='word_1_182' title='bbox 1023 2324 1283 2389; x_wconf 87' lang='lat' dir='ltr'><strong>quoque</strong></span> <span class='ocrx_word' id='word_1_183' title='bbox 1299 2304 1748 2386; x_wconf 75' lang='lat' dir='ltr'><strong>imperitorum</strong></span> <span class='ocrx_word' id='word_1_184' title='bbox 1773 2304 2103 2367; x_wconf 86' lang='lat' dir='ltr'><strong>hominum</strong></span> <span class='ocrx_word' id='word_1_185' title='bbox 2123 2304 2284 2367; x_wconf 90' lang='lat' dir='ltr'><strong>rude</strong></span> <span class='ocrx_word' id='word_1_186' title='bbox 2308 2324 2630 2365; x_wconf 87' lang='lat' dir='ltr'><strong>commen-</strong></span> 
     </span>
    </p>

    <p class='ocr_par' dir='ltr' id='par_1_18' title="bbox 676 2383 2632 2469">
     <span class='ocr_line' id='line_1_26' title="bbox 676 2383 2632 2469; baseline 0.001 -24"><span class='ocrx_word' id='word_1_187' title='bbox 676 2398 813 2445; x_wconf 89' lang='lat' dir='ltr'><strong>tum</strong></span> <span class='ocrx_word' id='word_1_188' title='bbox 841 2383 1206 2457; x_wconf 84' lang='lat' dir='ltr'><strong>deridente,</strong></span> <span class='ocrx_word' id='word_1_189' title='bbox 1234 2385 1482 2468; x_wconf 84' lang='lat' dir='ltr'><strong>primae</strong></span> <span class='ocrx_word' id='word_1_190' title='bbox 1505 2404 1800 2469; x_wconf 85' lang='lat' dir='ltr'><strong>quaeque</strong></span> <span class='ocrx_word' id='word_1_191' title='bbox 1827 2406 2022 2447; x_wconf 77' lang='lat' dir='ltr'><strong>naves</strong></span> <span class='ocrx_word' id='word_1_192' title='bbox 2043 2386 2364 2449; x_wconf 79' lang='lat' dir='ltr'><strong>concitato</strong></span> <span class='ocrx_word' id='word_1_193' title='bbox 2385 2386 2632 2469; x_wconf 83' lang='lat' dir='ltr'><strong>impetu</strong></span> 
     </span>
    </p>

    <p class='ocr_par' dir='ltr' id='par_1_19' title="bbox 383 2464 2629 2550">
     <span class='ocr_line' id='line_1_27' title="bbox 383 2464 2629 2550; baseline -0.001 -23"><span class='ocrx_word' id='word_1_194' title='bbox 383 2478 653 2537; x_wconf 59' lang='lat' dir='ltr'><strong>Pruna..</strong></span> <span class='ocrx_word' id='word_1_195' title='bbox 676 2464 1092 2528; x_wconf 81' lang='lat' dir='ltr'><strong>invehuntur.</strong></span> <span class='ocrx_word' id='word_1_196' title='bbox 1172 2470 1337 2527; x_wconf 87' lang='lat' dir='ltr'><strong>Tum</strong></span> <span class='ocrx_word' id='word_1_197' title='bbox 1384 2485 1546 2527; x_wconf 78' lang='lat' dir='ltr'><strong>vero</strong></span> <span class='ocrx_word' id='word_1_198' title='bbox 1587 2464 1839 2527; x_wconf 76' lang='lat' dir='ltr'><strong>dimissi</strong></span> <span class='ocrx_word' id='word_1_199' title='bbox 1875 2481 2146 2550; x_wconf 85' lang='lat' dir='ltr'><strong>repente</strong></span> <span class='ocrx_word' id='word_1_200' title='bbox 2191 2467 2409 2539; x_wconf 79' lang='lat' dir='ltr'><strong>corvi,</strong></span> <span class='ocrx_word' id='word_1_201' title='bbox 2461 2480 2532 2529; x_wconf 87' lang='lat' dir='ltr'><strong>ut</strong></span> <span class='ocrx_word' id='word_1_202' title='bbox 2561 2465 2629 2525; x_wconf 88' lang='lat' dir='ltr'><strong>in</strong></span> 
     </span>
    </p>

    <p class='ocr_par' dir='ltr' id='par_1_20' title="bbox 341 2545 2626 2631">
     <span class='ocr_line' id='line_1_28' title="bbox 341 2545 2626 2631; baseline 0.003 -28"><span class='ocrx_word' id='word_1_203' title='bbox 341 2550 555 2605; x_wconf 73' lang='lat' dir='ltr'><strong>navate.</strong></span> <span class='ocrx_word' id='word_1_204' title='bbox 679 2546 1028 2631; x_wconf 84' lang='lat' dir='ltr'><strong>quamlibet</strong></span> <span class='ocrx_word' id='word_1_205' title='bbox 1056 2546 1462 2617; x_wconf 81' lang='lat' dir='ltr'><strong>inciderunt,</strong></span> <span class='ocrx_word' id='word_1_206' title='bbox 1505 2548 1594 2608; x_wconf 86' lang='lat' dir='ltr'><strong>ita</strong></span> <span class='ocrx_word' id='word_1_207' title='bbox 1617 2545 1950 2630; x_wconf 82' lang='lat' dir='ltr'><strong>perforato</strong></span> <span class='ocrx_word' id='word_1_208' title='bbox 1973 2548 2256 2610; x_wconf 88' lang='lat' dir='ltr'><strong>tabulato</strong></span> <span class='ocrx_word' id='word_1_209' title='bbox 2281 2546 2626 2609; x_wconf 75' lang='lat' dir='ltr'><strong>haerentes</strong></span> 
     </span>
    </p>

    <p class='ocr_par' dir='ltr' id='par_1_21' title="bbox 676 2626 2626 2713">
     <span class='ocr_line' id='line_1_29' title="bbox 676 2626 2626 2713; baseline 0 -24"><span class='ocrx_word' id='word_1_210' title='bbox 676 2626 941 2689; x_wconf 75' lang='lat' dir='ltr'><strong>invitam</strong></span> <span class='ocrx_word' id='word_1_211' title='bbox 976 2628 1363 2691; x_wconf 84' lang='lat' dir='ltr'><strong>retinebant.</strong></span> <span class='ocrx_word' id='word_1_212' title='bbox 1414 2628 1658 2689; x_wconf 81' lang='lat' dir='ltr'><strong>milites</strong></span> <span class='ocrx_word' id='word_1_213' title='bbox 1699 2641 1909 2689; x_wconf 82' lang='lat' dir='ltr'><strong>autem</strong></span> <span class='ocrx_word' id='word_1_214' title='bbox 1934 2628 2228 2701; x_wconf 86' lang='lat' dir='ltr'><strong>Romani,</strong></span> <span class='ocrx_word' id='word_1_215' title='bbox 2276 2628 2334 2690; x_wconf 80' lang='lat' dir='ltr'><strong>si</strong></span> <span class='ocrx_word' id='word_1_216' title='bbox 2366 2628 2626 2713; x_wconf 74' lang='lat' dir='ltr'><strong>quidem</strong></span> 
     </span>
    </p>

    <p class='ocr_par' dir='ltr' id='par_1_22' title="bbox 677 2708 2627 2783">
     <span class='ocr_line' id='line_1_30' title="bbox 677 2708 2627 2783; baseline 0.001 -14"><span class='ocrx_word' id='word_1_217' title='bbox 677 2727 823 2769; x_wconf 78' lang='lat' dir='ltr'><strong>sors</strong></span> <span class='ocrx_word' id='word_1_218' title='bbox 848 2708 1107 2783; x_wconf 80' lang='lat' dir='ltr'><strong>tulerat,</strong></span> <span class='ocrx_word' id='word_1_219' title='bbox 1149 2723 1221 2773; x_wconf 89' lang='lat' dir='ltr'><strong>ut</strong></span> <span class='ocrx_word' id='word_1_220' title='bbox 1248 2729 1330 2771; x_wconf 86' lang='lat' dir='ltr'><strong>ex</strong></span> <span class='ocrx_word' id='word_1_221' title='bbox 1360 2708 1671 2771; x_wconf 78' lang='lat' dir='ltr'><strong>lateribus</strong></span> <span class='ocrx_word' id='word_1_222' title='bbox 1689 2729 1884 2773; x_wconf 76' lang='lat' dir='ltr'><strong>naves</strong></span> <span class='ocrx_word' id='word_1_223' title='bbox 1911 2722 2472 2782; x_wconf 83' lang='lat' dir='ltr'><strong>connecterentur,</strong></span> <span class='ocrx_word' id='word_1_224' title='bbox 2493 2728 2627 2771; x_wconf 84' lang='lat' dir='ltr'><strong>om·</strong></span> 
     </span>
    </p>

    <p class='ocr_par' dir='ltr' id='par_1_23' title="bbox 676 2788 2627 2874">
     <span class='ocr_line' id='line_1_31' title="bbox 676 2788 2627 2874; baseline 0.001 -23"><span class='ocrx_word' id='word_1_225' title='bbox 676 2788 748 2851; x_wconf 83' lang='lat' dir='ltr'><strong>ni</strong></span> <span class='ocrx_word' id='word_1_226' title='bbox 784 2808 865 2850; x_wconf 87' lang='lat' dir='ltr'><strong>ex</strong></span> <span class='ocrx_word' id='word_1_227' title='bbox 898 2804 1086 2872; x_wconf 79' lang='lat' dir='ltr'><strong>parte</strong></span> <span class='ocrx_word' id='word_1_228' title='bbox 1112 2790 1181 2852; x_wconf 89' lang='lat' dir='ltr'><strong>in</strong></span> <span class='ocrx_word' id='word_1_229' title='bbox 1212 2788 1474 2853; x_wconf 77' lang='lat' dir='ltr'><strong>hostiles</strong></span> <span class='ocrx_word' id='word_1_230' title='bbox 1511 2789 1922 2854; x_wconf 73' lang='lat' dir='ltr'><strong>insiliebant:</strong></span> <span class='ocrx_word' id='word_1_231' title='bbox 2011 2791 2458 2855; x_wconf 82' lang='lat' dir='ltr'><strong>uoties.autem</strong></span> <span class='ocrx_word' id='word_1_232' title='bbox 2475 2810 2627 2874; x_wconf 89' lang='lat' dir='ltr'><strong>pro-</strong></span> 
     </span>
    </p>

    <p class='ocr_par' dir='ltr' id='par_1_24' title="bbox 676 2872 2626 2955">
     <span class='ocr_line' id='line_1_32' title="bbox 676 2872 2626 2955; baseline 0.002 -26"><span class='ocrx_word' id='word_1_233' title='bbox 676 2890 789 2931; x_wconf 86' lang='lat' dir='ltr'><strong>rae</strong></span> <span class='ocrx_word' id='word_1_234' title='bbox 821 2883 1067 2931; x_wconf 81' lang='lat' dir='ltr'><strong>tantum</strong></span> <span class='ocrx_word' id='word_1_235' title='bbox 1098 2872 1459 2935; x_wconf 80' lang='lat' dir='ltr'><strong>commiss&#39;ae</strong></span> <span class='ocrx_word' id='word_1_236' title='bbox 1496 2872 1696 2933; x_wconf 81' lang='lat' dir='ltr'><strong>effent</strong></span> <span class='ocrx_word' id='word_1_237' title='bbox 1715 2914 1731 2944; x_wconf 89' lang='lat'>‚</span> <span class='ocrx_word' id='word_1_238' title='bbox 1775 2892 1896 2955; x_wconf 83' lang='lat' dir='ltr'><strong>per</strong></span> <span class='ocrx_word' id='word_1_239' title='bbox 1926 2872 1990 2955; x_wconf 86' lang='lat' dir='ltr'><strong>ip</strong></span> <span class='ocrx_word' id='word_1_240' title='bbox 2017 2874 2130 2934; x_wconf 85' lang='lat' dir='ltr'><strong>&#39;um</strong></span> <span class='ocrx_word' id='word_1_241' title='bbox 2149 2873 2400 2955; x_wconf 80' lang='lat' dir='ltr'><strong>tignum</strong></span> <span class='ocrx_word' id='word_1_242' title='bbox 2436 2891 2626 2933; x_wconf 83' lang='lat' dir='ltr'><strong>anne-</strong></span> 
     </span>
    </p>

    <p class='ocr_par' dir='ltr' id='par_1_25' title="bbox 678 2951 2630 3037">
     <span class='ocr_line' id='line_1_33' title="bbox 678 2951 2630 3037; baseline 0.001 -26"><span class='ocrx_word' id='word_1_243' title='bbox 678 2972 955 3035; x_wconf 82' lang='lat' dir='ltr'><strong>xumque</strong></span> <span class='ocrx_word' id='word_1_244' title='bbox 986 2966 1253 3036; x_wconf 88' lang='lat' dir='ltr'><strong>pontem</strong></span> <span class='ocrx_word' id='word_1_245' title='bbox 1282 2954 1508 3017; x_wconf 86' lang='lat' dir='ltr'><strong>armati</strong></span> <span class='ocrx_word' id='word_1_246' title='bbox 1536 2951 1674 3013; x_wconf 86' lang='lat' dir='ltr'><strong>bini</strong></span> <span class='ocrx_word' id='word_1_247' title='bbox 1702 2954 2058 3015; x_wconf 84' lang='lat' dir='ltr'><strong>transibant</strong></span> <span class='ocrx_word' id='word_1_248' title='bbox 2079 2998 2094 3029; x_wconf 91' lang='lat'>,</span> <span class='ocrx_word' id='word_1_249' title='bbox 2155 2966 2332 3015; x_wconf 85' lang='lat' dir='ltr'><strong>tanto</strong></span> <span class='ocrx_word' id='word_1_250' title='bbox 2367 2951 2630 3037; x_wconf 82' lang='lat' dir='ltr'><strong>expedi·-</strong></span> 
     </span>
    </p>

    <p class='ocr_par' dir='ltr' id='par_1_26' title="bbox 678 3030 2626 3125">
     <span class='ocr_line' id='line_1_34' title="bbox 678 3030 2626 3125; baseline 0.003 -34"><span class='ocrx_word' id='word_1_251' title='bbox 678 3030 841 3105; x_wconf 81' lang='lat' dir='ltr'><strong>tius,</strong></span> <span class='ocrx_word' id='word_1_252' title='bbox 902 3032 1077 3125; x_wconf 82' lang='lat' dir='ltr'><strong>quod</strong></span> <span class='ocrx_word' id='word_1_253' title='bbox 1112 3048 1389 3117; x_wconf 87' lang='lat' dir='ltr'><strong>utroque</strong></span> <span class='ocrx_word' id='word_1_254' title='bbox 1420 3056 1456 3095; x_wconf 92' lang='lat' dir='ltr'><strong>a</strong></span> <span class='ocrx_word' id='word_1_255' title='bbox 1489 3034 1694 3095; x_wconf 85' lang='lat' dir='ltr'><strong>latere</strong></span> <span class='ocrx_word' id='word_1_256' title='bbox 1741 3037 1949 3097; x_wconf 87' lang='lat' dir='ltr'><strong>scalae</strong></span> <span class='ocrx_word' id='word_1_257' title='bbox 1995 3034 2198 3097; x_wconf 87' lang='lat' dir='ltr'><strong>lorica</strong></span> <span class='ocrx_word' id='word_1_258' title='bbox 2235 3054 2408 3117; x_wconf 80' lang='lat' dir='ltr'><strong>genu</strong></span> <span class='ocrx_word' id='word_1_259' title='bbox 2437 3048 2626 3097; x_wconf 77' lang='lat' dir='ltr'><strong>tenus</strong></span> 
     </span>
    </p>

    <p class='ocr_par' dir='ltr' id='par_1_27' title="bbox 678 3111 2629 3213">
     <span class='ocr_line' id='line_1_35' title="bbox 678 3111 2629 3213; baseline 0.003 -42"><span class='ocrx_word' id='word_1_260' title='bbox 678 3111 803 3173; x_wconf 85' lang='lat' dir='ltr'><strong>alta</strong></span> <span class='ocrx_word' id='word_1_261' title='bbox 839 3125 1146 3173; x_wconf 75' lang='lat' dir='ltr'><strong>tutiorem</strong></span> <span class='ocrx_word' id='word_1_262' title='bbox 1181 3115 1486 3175; x_wconf 76' lang='lat' dir='ltr'><strong>incess&#39;um</strong></span> <span class='ocrx_word' id='word_1_263' title='bbox 1529 3114 1922 3211; x_wconf 74' lang='lat' dir='ltr'><strong>gradumque</strong></span> <span class='ocrx_word' id='word_1_264' title='bbox 1965 3114 2320 3178; x_wconf 85' lang='lat' dir='ltr'><strong>firmiorem</strong></span> <span class='ocrx_word' id='word_1_265' title='bbox 2358 3112 2629 3213; x_wconf 80' lang='lat' dir='ltr'><strong>praesta-</strong></span> 
     </span>
    </p>

    <p class='ocr_par' dir='ltr' id='par_1_28' title="bbox 678 3192 2629 3293">
     <span class='ocr_line' id='line_1_36' title="bbox 678 3192 2629 3293; baseline 0.002 -40"><span class='ocrx_word' id='word_1_266' title='bbox 678 3192 808 3257; x_wconf 82' lang='lat' dir='ltr'><strong>bat.</strong></span> <span class='ocrx_word' id='word_1_267' title='bbox 867 3193 1065 3276; x_wconf 85' lang='lat' dir='ltr'><strong>primi</strong></span> <span class='ocrx_word' id='word_1_268' title='bbox 1099 3195 1266 3255; x_wconf 87' lang='lat' dir='ltr'><strong>enim</strong></span> <span class='ocrx_word' id='word_1_269' title='bbox 1305 3196 1544 3293; x_wconf 87' lang='lat' dir='ltr'><strong>quique</strong></span> <span class='ocrx_word' id='word_1_270' title='bbox 1577 3195 1891 3279; x_wconf 77' lang='lat' dir='ltr'><strong>projectis</strong></span> <span class='ocrx_word' id='word_1_271' title='bbox 1921 3211 2066 3259; x_wconf 85' lang='lat' dir='ltr'><strong>ante</strong></span> <span class='ocrx_word' id='word_1_272' title='bbox 2102 3220 2172 3260; x_wconf 84' lang='lat' dir='ltr'><strong>se</strong></span> <span class='ocrx_word' id='word_1_273' title='bbox 2211 3211 2413 3259; x_wconf 76' lang='lat' dir='ltr'><strong>scutis</strong></span> <span class='ocrx_word' id='word_1_274' title='bbox 2445 3194 2629 3257; x_wconf 79' lang='lat' dir='ltr'><strong>fron-</strong></span> 
     </span>
    </p>

    <p class='ocr_par' dir='ltr' id='par_1_29' title="bbox 676 3274 2635 3363">
     <span class='ocr_line' id='line_1_37' title="bbox 676 3274 2635 3363; baseline 0.001 -26"><span class='ocrx_word' id='word_1_275' title='bbox 676 3288 811 3340; x_wconf 87' lang='lat' dir='ltr'><strong>tem</strong></span> <span class='ocrx_word' id='word_1_276' title='bbox 843 3274 1151 3337; x_wconf 80' lang='lat' dir='ltr'><strong>adversus</strong></span> <span class='ocrx_word' id='word_1_277' title='bbox 1182 3275 1451 3338; x_wconf 77' lang='lat' dir='ltr'><strong>hostium</strong></span> <span class='ocrx_word' id='word_1_278' title='bbox 1483 3278 1610 3338; x_wconf 91' lang='lat' dir='ltr'><strong>tela</strong></span> <span class='ocrx_word' id='word_1_279' title='bbox 1642 3277 2104 3361; x_wconf 84' lang='lat' dir='ltr'><strong>protegebant:</strong></span> <span class='ocrx_word' id='word_1_280' title='bbox 2148 3298 2322 3363; x_wconf 90' lang='lat' dir='ltr'><strong>pone</strong></span> <span class='ocrx_word' id='word_1_281' title='bbox 2353 3298 2635 3361; x_wconf 84' lang='lat' dir='ltr'><strong>sequen-</strong></span> 
     </span>
    </p>

    <p class='ocr_par' dir='ltr' id='par_1_30' title="bbox 679 3358 2630 3443">
     <span class='ocr_line' id='line_1_38' title="bbox 679 3358 2630 3443; baseline 0.001 -25"><span class='ocrx_word' id='word_1_282' title='bbox 679 3370 781 3420; x_wconf 87' lang='lat' dir='ltr'><strong>tes</strong></span> <span class='ocrx_word' id='word_1_283' title='bbox 822 3379 934 3421; x_wconf 81' lang='lat' dir='ltr'><strong>sua</strong></span> <span class='ocrx_word' id='word_1_284' title='bbox 968 3372 1147 3419; x_wconf 84' lang='lat' dir='ltr'><strong>scuta</strong></span> <span class='ocrx_word' id='word_1_285' title='bbox 1178 3358 1419 3420; x_wconf 85' lang='lat' dir='ltr'><strong>loricae</strong></span> <span class='ocrx_word' id='word_1_286' title='bbox 1456 3358 1778 3441; x_wconf 85' lang='lat' dir='ltr'><strong>utrimque</strong></span> <span class='ocrx_word' id='word_1_287' title='bbox 1820 3361 2242 3443; x_wconf 82' lang='lat' dir='ltr'><strong>adplicabant.</strong></span> <span class='ocrx_word' id='word_1_288' title='bbox 2315 3360 2410 3421; x_wconf 84' lang='lat' dir='ltr'><strong>sic</strong></span> <span class='ocrx_word' id='word_1_289' title='bbox 2437 3358 2630 3421; x_wconf 86' lang='lat' dir='ltr'><strong>etiam</strong></span> 
     </span>
    </p>

    <p class='ocr_par' dir='ltr' id='par_1_31' title="bbox 676 3436 2628 3523">
     <span class='ocr_line' id='line_1_39' title="bbox 676 3436 2628 3523; baseline 0.002 -26"><span class='ocrx_word' id='word_1_290' title='bbox 676 3436 990 3501; x_wconf 81' lang='lat' dir='ltr'><strong>lateribus</strong></span> <span class='ocrx_word' id='word_1_291' title='bbox 1025 3437 1351 3513; x_wconf 81' lang='lat' dir='ltr'><strong>defensis,</strong></span> <span class='ocrx_word' id='word_1_292' title='bbox 1398 3460 1624 3502; x_wconf 82' lang='lat' dir='ltr'><strong>navem</strong></span> <span class='ocrx_word' id='word_1_293' title='bbox 1654 3442 1977 3503; x_wconf 79' lang='lat' dir='ltr'><strong>adversam</strong></span> <span class='ocrx_word' id='word_1_294' title='bbox 2011 3443 2246 3504; x_wconf 89' lang='lat' dir='ltr'><strong>collato</strong></span> <span class='ocrx_word' id='word_1_295' title='bbox 2279 3439 2482 3523; x_wconf 81' lang='lat' dir='ltr'><strong>gradu</strong></span> <span class='ocrx_word' id='word_1_296' title='bbox 2511 3457 2628 3523; x_wconf 87' lang='lat' dir='ltr'><strong>op-</strong></span> 
     </span>
    </p>

    <p class='ocr_par' dir='ltr' id='par_1_32' title="bbox 678 3518 2682 3606">
     <span class='ocr_line' id='line_1_40' title="bbox 678 3518 2682 3606; baseline 0 -25"><span class='ocrx_word' id='word_1_297' title='bbox 678 3519 1078 3605; x_wconf 79' lang='lat' dir='ltr'><strong>pugnabant:</strong></span> <span class='ocrx_word' id='word_1_298' title='bbox 1120 3518 1440 3605; x_wconf 81' lang='lat' dir='ltr'><strong>fiebatque</strong></span> <span class='ocrx_word' id='word_1_299' title='bbox 1467 3542 1682 3606; x_wconf 83' lang='lat' dir='ltr'><strong>pugna</strong></span> <span class='ocrx_word' id='word_1_300' title='bbox 1700 3543 1825 3582; x_wconf 90' lang='lat' dir='ltr'><strong>non</strong></span> <span class='ocrx_word' id='word_1_301' title='bbox 1848 3520 2209 3591; x_wconf 84' lang='lat' dir='ltr'><strong>rostrorum,</strong></span> <span class='ocrx_word' id='word_1_302' title='bbox 2255 3519 2371 3584; x_wconf 83' lang='lat' dir='ltr'><strong>sed</strong></span> <span class='ocrx_word' id='word_1_303' title='bbox 2396 3519 2630 3583; x_wconf 71' lang='lat' dir='ltr'><strong>ensium</strong></span> <span class='ocrx_word' id='word_1_304' title='bbox 2669 3518 2682 3529; x_wconf 77' lang='lat'><strong><em>‘</em></strong></span> 
     </span>
    </p>

    <p class='ocr_par' dir='ltr' id='par_1_33' title="bbox 382 3599 2629 3686">
     <span class='ocr_line' id='line_1_41' title="bbox 382 3599 2629 3686; baseline 0 -23"><span class='ocrx_word' id='word_1_305' title='bbox 382 3624 657 3680; x_wconf 50' lang='lat' dir='ltr'><strong>hm„</strong></span> <span class='ocrx_word' id='word_1_306' title='bbox 678 3600 1099 3686; x_wconf 76' lang='lat' dir='ltr'><strong>virorumque</strong></span> <span class='ocrx_word' id='word_1_307' title='bbox 1136 3603 1427 3665; x_wconf 88' lang='lat' dir='ltr'><strong>cominus</strong></span> <span class='ocrx_word' id='word_1_308' title='bbox 1451 3646 1468 3675; x_wconf 89' lang='lat'>‚</span> <span class='ocrx_word' id='word_1_309' title='bbox 1528 3616 1594 3663; x_wconf 89' lang='lat' dir='ltr'><strong>et</strong></span> <span class='ocrx_word' id='word_1_310' title='bbox 1623 3599 1905 3665; x_wconf 82' lang='lat' dir='ltr'><strong>statariae</strong></span> <span class='ocrx_word' id='word_1_311' title='bbox 1953 3605 2205 3664; x_wconf 81' lang='lat' dir='ltr'><strong>similis.</strong></span> <span class='ocrx_word' id='word_1_312' title='bbox 2267 3601 2452 3667; x_wconf 88' lang='lat' dir='ltr'><strong>Unde</strong></span> <span class='ocrx_word' id='word_1_313' title='bbox 2495 3604 2629 3663; x_wconf 80' lang='lat' dir='ltr'><strong>Ro..</strong></span> 
     </span>
    </p>

    <p class='ocr_par' dir='ltr' id='par_1_34' title="bbox 342 3682 2628 3768">
     <span class='ocr_line' id='line_1_42' title="bbox 342 3682 2628 3768; baseline -0.003 -18"><span class='ocrx_word' id='word_1_314' title='bbox 342 3694 531 3750; x_wconf 61' lang='lat' dir='ltr'><strong>vincte.</strong></span> <span class='ocrx_word' id='word_1_315' title='bbox 680 3702 868 3745; x_wconf 82' lang='lat' dir='ltr'><strong>mano</strong></span> <span class='ocrx_word' id='word_1_316' title='bbox 888 3724 906 3757; x_wconf 90' lang='lat'><strong>,</strong></span> <span class='ocrx_word' id='word_1_317' title='bbox 951 3685 1061 3767; x_wconf 85' lang='lat' dir='ltr'><strong>qui</strong></span> <span class='ocrx_word' id='word_1_318' title='bbox 1086 3682 1327 3745; x_wconf 83' lang='lat' dir='ltr'><strong>robore</strong></span> <span class='ocrx_word' id='word_1_319' title='bbox 1349 3682 1736 3768; x_wconf 82' lang='lat' dir='ltr'><strong>praestabat,</strong></span> <span class='ocrx_word' id='word_1_320' title='bbox 1779 3685 2112 3747; x_wconf 84' lang='lat' dir='ltr'><strong>adversum</strong></span> <span class='ocrx_word' id='word_1_321' title='bbox 2145 3684 2442 3748; x_wconf 86' lang='lat' dir='ltr'><strong>homines</strong></span> <span class='ocrx_word' id='word_1_322' title='bbox 2464 3682 2628 3744; x_wconf 81' lang='lat' dir='ltr'><strong>levi-</strong></span> 
     </span>
    </p>

    <p class='ocr_par' dir='ltr' id='par_1_35' title="bbox 678 3765 2630 3863">
     <span class='ocr_line' id='line_1_43' title="bbox 678 3765 2630 3863; baseline -0.002 -39"><span class='ocrx_word' id='word_1_323' title='bbox 678 3775 783 3824; x_wconf 83' lang='lat' dir='ltr'><strong>ter</strong></span> <span class='ocrx_word' id='word_1_324' title='bbox 816 3778 1094 3826; x_wconf 84' lang='lat' dir='ltr'><strong>armatos</strong></span> <span class='ocrx_word' id='word_1_325' title='bbox 1114 3809 1131 3838; x_wconf 90' lang='lat'>‚</span> <span class='ocrx_word' id='word_1_326' title='bbox 1176 3766 1563 3849; x_wconf 82' lang='lat' dir='ltr'><strong>naviumque</strong></span> <span class='ocrx_word' id='word_1_327' title='bbox 1601 3767 1820 3850; x_wconf 84' lang='lat' dir='ltr'><strong>potius</strong></span> <span class='ocrx_word' id='word_1_328' title='bbox 1847 3766 2131 3863; x_wconf 72' lang='lat' dir='ltr'><strong>agilitate</strong></span> <span class='ocrx_word' id='word_1_329' title='bbox 2153 3811 2168 3839; x_wconf 97' lang='lat'>‚</span> <span class='ocrx_word' id='word_1_330' title='bbox 2215 3786 2402 3849; x_wconf 87' lang='lat' dir='ltr'><strong>quam</strong></span> <span class='ocrx_word' id='word_1_331' title='bbox 2429 3765 2630 3827; x_wconf 85' lang='lat' dir='ltr'><strong>mani-</strong></span> 
     </span>
    </p>

    <p class='ocr_par' dir='ltr' id='par_1_36' title="bbox 679 3840 2634 3931">
     <span class='ocr_line' id='line_1_44' title="bbox 679 3840 2634 3931; baseline 0.003 -26"><span class='ocrx_word' id='word_1_332' title='bbox 679 3840 843 3921; x_wconf 85' lang='lat' dir='ltr'><strong>bus,</strong></span> <span class='ocrx_word' id='word_1_333' title='bbox 888 3844 1209 3921; x_wconf 79' lang='lat' dir='ltr'><strong>confisos,</strong></span> <span class='ocrx_word' id='word_1_334' title='bbox 1260 3848 1472 3909; x_wconf 84' lang='lat' dir='ltr'><strong>facilis</strong></span> <span class='ocrx_word' id='word_1_335' title='bbox 1504 3846 1776 3909; x_wconf 81' lang='lat' dir='ltr'><strong>victoria</strong></span> <span class='ocrx_word' id='word_1_336' title='bbox 1809 3849 1966 3909; x_wconf 75' lang='lat' dir='ltr'><strong>suit:</strong></span> <span class='ocrx_word' id='word_1_337' title='bbox 2012 3848 2446 3931; x_wconf 82' lang='lat' dir='ltr'><strong>celeriterque</strong></span> <span class='ocrx_word' id='word_1_338' title='bbox 2483 3862 2634 3911; x_wconf 85' lang='lat' dir='ltr'><strong>sunt</strong></span> 
     </span>
    </p>

    <p class='ocr_par' dir='ltr' id='par_1_37' title="bbox 680 3930 2634 4097">
     <span class='ocr_line' id='line_1_45' title="bbox 680 3930 2634 4016; baseline 0.001 -27"><span class='ocrx_word' id='word_1_339' title='bbox 680 3941 1078 4012; x_wconf 77' lang='lat' dir='ltr'><strong>expugnatae</strong></span> <span class='ocrx_word' id='word_1_340' title='bbox 1108 3950 1305 3991; x_wconf 84' lang='lat' dir='ltr'><strong>naves</strong></span> <span class='ocrx_word' id='word_1_341' title='bbox 1339 3932 1623 3991; x_wconf 87' lang='lat' dir='ltr'><strong>Punicae</strong></span> <span class='ocrx_word' id='word_1_342' title='bbox 1657 3932 1920 4014; x_wconf 83' lang='lat' dir='ltr'><strong>triginta</strong></span> <span class='ocrx_word' id='word_1_343' title='bbox 1941 3972 1959 4004; x_wconf 93' lang='lat'>‚</span> <span class='ocrx_word' id='word_1_344' title='bbox 2005 3930 2074 3990; x_wconf 90' lang='lat' dir='ltr'><strong>in</strong></span> <span class='ocrx_word' id='word_1_345' title='bbox 2096 3930 2328 4016; x_wconf 81' lang='lat' dir='ltr'><strong>quibus</strong></span> <span class='ocrx_word' id='word_1_346' title='bbox 2355 3944 2420 3993; x_wconf 89' lang='lat' dir='ltr'><strong>et</strong></span> <span class='ocrx_word' id='word_1_347' title='bbox 2443 3949 2634 4015; x_wconf 84' lang='lat' dir='ltr'><strong>prae-</strong></span> 
     </span>
     <span class='ocr_line' id='line_1_46' title="bbox 681 4010 1623 4097; baseline 0.005 -26"><span class='ocrx_word' id='word_1_348' title='bbox 681 4011 849 4072; x_wconf 83' lang='lat' dir='ltr'><strong>toria</strong></span> <span class='ocrx_word' id='word_1_349' title='bbox 890 4010 1259 4093; x_wconf 82' lang='lat' dir='ltr'><strong>septiremis</strong></span> <span class='ocrx_word' id='word_1_350' title='bbox 1296 4026 1478 4097; x_wconf 78' lang='lat' dir='ltr'><strong>capta</strong></span> <span class='ocrx_word' id='word_1_351' title='bbox 1515 4010 1623 4075; x_wconf 82' lang='lat' dir='ltr'><strong>est.</strong></span> 
     </span>
    </p>
   </div>
   <div class='ocr_carea' id='block_1_10' title="bbox 750 4187 2478 4269">
    <p class='ocr_par' dir='ltr' id='par_1_38' title="bbox 750 4187 2478 4269">
     <span class='ocr_line' id='line_1_47' title="bbox 750 4187 2478 4269; baseline 0.003 -26"><span class='ocrx_word' id='word_1_352' title='bbox 750 4187 1071 4260; x_wconf 77' lang='lat' dir='ltr'><strong>eap.vm.</strong></span> <span class='ocrx_word' id='word_1_353' title='bbox 1105 4188 1269 4243; x_wconf 81' lang='lat' dir='ltr'><strong>Flor.</strong></span> <span class='ocrx_word' id='word_1_354' title='bbox 1306 4189 1513 4261; x_wconf 76' lang='lat' dir='ltr'><strong>Polyb.</strong></span> <span class='ocrx_word' id='word_1_355' title='bbox 1551 4189 1820 4246; x_wconf 79' lang='lat' dir='ltr'><strong>Frentin.</strong></span> <span class='ocrx_word' id='word_1_356' title='bbox 1844 4190 2094 4269; x_wconf 68' lang='lat' dir='ltr'><strong>Strateg.</strong></span> <span class='ocrx_word' id='word_1_357' title='bbox 2114 4194 2234 4261; x_wconf 75' lang='lat'><strong>2‚3.</strong></span> <span class='ocrx_word' id='word_1_358' title='bbox 2270 4194 2478 4265; x_wconf 80' lang='lat' dir='ltr'><strong>Polyb.</strong></span> 
     </span>
    </p>
   </div>
  </div>
 </body>
</html>
