2859 4717
651 307 771 352 210
809 259 1366 350 ramassaun·
1413 282 2235 350 suprneussn'ronum
2264 287 2407 344 Lm.
2430 283 2539 346 ιχ.

222 563 230 573 Ι
317 489 590 546 [Le-503·
649 493 982 554 lexonem:
1026 492 1204 568 illum
1243 489 1324 551 ad
1354 489 1575 556 Gallos
1599 533 1617 564 ,
1664 488 1897 579 quibus
1926 511 2007 552 ex
2043 490 2253 552 veteri
2282 487 2599 552 commili-

654 575 746 634 tio
781 587 972 634 notus
1005 589 1070 634 et
1103 586 1404 655 acceptus
1434 585 1613 648 erat3
1654 571 2010 634 Alexonem
2040 571 2121 632 ad
2149 585 2407 641 ceteros
2432 568 2599 634 varii

651 654 914 738 generis
948 654 1424 725 mercenarios,
1471 652 1767 714 omnibus
1798 673 1879 714 ex
1910 673 2131 736 aequo
2149 652 2411 714 charum
2453 672 2599 734 gra-

649 749 933 819 tumque.
1003 736 1130 808 Hi,
1197 734 1390 796 iidem
1431 754 1607 795 suam
1656 733 2145 830 interponentes
2172 777 2189 806 ,
2260 747 2393 795 rata
2430 733 2597 804 sore,

651 837 816 900 quae
849 816 1132 878 Himilco
1161 815 1590 901 promisisset,
1632 829 1967 898 negotium
1992 814 2153 878 adeo
2182 835 2263 876 ex
2284 815 2601 876 sententia

649 897 1019 982 perfecere,
1064 911 1134 959 ut
1163 896 1380 982 paullo
1410 893 1551 978 post
1582 895 1880 958 reversos
1914 896 1997 956 ad
2024 897 2281 958 moenia
2304 895 2601 979 prodito-

651 1000 762 1042 res
799 999 927 1040 non
959 978 1154 1041 modo
1187 975 1635 1040 aversarentur
1676 996 1937 1049 omnes,
2012 976 2131 1038 sed
2157 977 2349 1038 etiam
2376 975 2601 1038 convi-

653 1061 776 1124 ciis
811 1059 962 1123 telis
1011 1081 1092 1124 ue
1125 1061 1295 1122 ultro
1327 1071 1647 1120 arcerent.
1712 1059 1799 1120 Et
1828 1056 1901 1118 hi
1928 1057 2193 1141 quidem
2214 1101 2231 1132 ‚
2276 1058 2355 1120 ad
2376 1059 2603 1120 cousu-

653 1143 752 1205 les
784 1162 856 1205 re
900 1141 964 1200 in
999 1156 1136 1204 ecta
1177 1140 1509 1222 regressi,
1572 1137 1948 1202 muneribus
1986 1153 2195 1202 tamen
2224 1139 2607 1223 quibusdam

654 1238 722 1284 ct
743 1221 917 1306 agris
948 1223 1016 1283 iu
1041 1223 1260 1285 Sicilia
1286 1221 1507 1283 donati
1538 1233 1705 1282 sunt.
1752 1223 2055 1283 Ceterum
2070 1224 2437 1283 Poenorum
2466 1239 2599 1292 res,

651 1303 1004 1388 improviso
1021 1304 1186 1366 malo
1207 1323 1414 1388 prope
1444 1301 1959 1386 desperationem
1982 1301 2307 1375 adductas,
2338 1323 2420 1364 eo
2438 1316 2603 1364 tem-

651 1405 818 1482 pore
851 1383 1016 1446 fides
1059 1384 1367 1447 Alexonis
1413 1379 1817 1446 sustentavit:
1932 1384 2031 1456 ui,
2091 1384 2276 1468 prius
2326 1383 2602 1452 sex-,vatis

539 1505 559 1520 ·
651 1466 880 1529 itidem
929 1465 1374 1550 Agrigentinis
1394 1506 1412 1539 ,
1490 1464 1724 1550 quibus
1778 1463 1925 1526 siml
1953 1466 1974 1525 i
2026 1464 2305 1549 quodam
2350 1465 2605 1526 scelere

647 1547 1038 1610 mercenarii
1076 1543 1611 1628 Syracusanorum
1651 1545 1941 1609 insidiati
1977 1545 2235 1609 fuerant
2255 1590 2272 1620 ‚
2320 1546 2459 1628 jure
2486 1565 2607 1608 auo

648 1629 1024 1692 memoriam
1056 1627 1437 1712 laudemque
1476 1625 1543 1688 in
1568 1625 1833 1689 historia
1858 1626 2119 1688 meruit.

769 1733 911 1800 Vn.
975 1735 1336 1796 Creverunt
1372 1731 1607 1795 deinde
1643 1731 1914 1796 obsess'is
1951 1730 2149 1796 animi
2174 1731 2453 1795 adventu
2486 1750 2605 1794 no·

650 1836 880 1879 vorum
910 1814 1311 1876 auxiliorum.
1371 1814 1601 1878 Cartha
1650 1814 1931 1878 inienses
1962 1815 2169 1888 enim,
2214 1814 2370 1876 licet
2397 1812 2607 1896 ignari

653 1896 972 1968 omnium,
1065 1916 1180 1956 uae
1209 1894 1498 1978 Lilybaei
1532 1916 1613 1980 ge
1720 1897 1957 1969 ess'ent,
2000 1917 2111 1956 res
2141 1917 2270 1958 non
2296 1895 2605 1980 segnibus

349 1983 628 2040 Adherbal
655 1975 932 2038 consiliis
967 1977 1036 2037 in
1081 1977 1106 2038 i
1153 1997 1266 2038 ere
1293 1975 1682 2059 judicabant.
1724 1977 1747 2039 i
1796 1977 1925 2038 itur
1962 1975 2318 2040 Adherbali
2348 1977 2451 2038 rei
2474 1997 2605 2038 ma-

311 2057 454 2133 cusq.
476 2055 628 2132 Μνῷ
654 2057 906 2118 ritimae
939 2078 1094 2142 prae
1128 2071 1272 2118 ecto
1307 2057 1641 2141 negotium
1677 1997 1988 2120 dailei-ant
2009 2100 2026 2130 ‚
2071 2073 2161 2132 ut,
2206 2059 2395 2120 class'e
2432 2077 2606 2120 com-

312 2137 501 2240 {offena
533 2117 628 2172 ι’·
651 2153 891 2220 parata,
918 2138 1190 2198 militem
1211 2181 1227 2210 ,
1273 2158 1609 2210 annonam,
1655 2152 1721 2201 et
1746 2138 2083 2224 pecuniam
2115 2139 2488 2221 Lilybaeum
2505 2139 2605 2200 in-

313 2206 560 2310 nqit‘titnz
653 2217 1050 2282 troduceret.
1115 2219 1215 2281 Ab
1252 2216 1378 2282 hoc
1407 2218 1624 2282 miss'us
1652 2220 2035 2282 Hamilcaris
2059 2217 2229 2284 filius
2260 2219 2610 2294 Hannibal,

559 2291 576 2309 ⁰
654 2299 732 2361 ab
769 2299 1092 2383 Aegusis,
1139 2321 1298 2384 quas
1344 2313 1610 2373 vocant,
1665 2300 1928 2375 insulis,
1996 2315 2258 2364 ventum
2294 2289 2605 2386 obportu·

649 2403 802 2442 num
839 2395 1100 2454 nactus,
1143 2395 1319 2444 recta
1358 2379 1575 2444 fronte
1614 2383 2094 2464 Lilybaetanum
2124 2398 2383 2467 portum
2407 2383 2605 2478 petit,

651 2461 990 2526 instructos
1023 2461 1091 2522 in
1125 2462 1394 2526 navibus
1434 2462 1678 2526 habena
1711 2464 1953 2526 milites
1978 2507 1997 2538 ‚
2059 2479 2159 2537 et,
2225 2465 2282 2526 si
2315 2485 2459 2548 quis
2489 2463 2607 2525 ob-

655 2542 938 2616 sisteret,
985 2543 1051 2604 vi
1079 2537 1532 2639 pei-rupturus·
1594 2548 1739 2608 Jam
1768 2545 1845 2606 ab
1878 2545 2239 2608 obsidionis
2324 2545 2607 2628 rincjpio

652 2639 883 2708 portus
917 2623 1158 2686 aditum
1191 2624 1633 2688 obstruxerant
1672 2627 1982 2700 Romani,
2040 2569 2324 2690 demiss'ss
2358 2626 2421 2688 in
2458 2626 2605 2686 sun-

655 2705 806 2767 dum
843 2705 1039 2766 maris
1078 2708 1366 2768 cercuris
1418 2707 1832 2791 quindecm,
1898 2730 2061 2804 quos
2106 2708 2186 2770 ad
2228 2708 2398 2770 hunc
2430 2709 2605 2770 usum

652 2785 974 2870 lapidibus
998 2795 1443 2850 oneraverant.
1506 2789 1745 2872 Igitur,
1788 2800 2021 2873 partim
2053 2787 2247 2852 hostis
2276 2790 2608 2852 celeritate

654 2867 736 2930 de
823 2867 1088 2941 eliensi,
1135 2868 1368 2952 partim
1403 2883 1789 2943 metuentes,
1832 2891 1936 2945 ne,
1982 2886 2323 2934 ventorum
2353 2871 2416 2934 vi
2450 2891 2607 2932 con·

335 3003 349 3010 -
653 2970 738 3011 vu
767 2949 856 3020 si,
903 2963 970 3010 et
1007 2949 1135 3035 ipsi
1167 2950 1232 3010 in
1267 2965 1529 3032 portum
1558 2965 1623 3012 et
1645 2953 1846 3014 intuta
1872 2951 2319 3036 navigantibus
2340 2953 2481 3014 loca
2505 2971 2608 3010 ra-

363 3029 550 3112 pesam
593 3097 606 3110 ‚
655 3043 1006 3113 petentur,
1059 3029 1550 3093 advenientibus
1591 3030 1876 3095 hostibus
1908 3033 2261 3096 obcurrere
2302 3034 2607 3116 neglexe-

317 3101 505 3179 *ΨΜ*
531 3112 630 3178 'P''
656 3121 826 3173 runt.
900 3113 985 3171 Et
1014 3110 1333 3172 Hannibal
1359 3127 1623 3208 portum
1656 3128 1793 3176 tuto
1827 3111 2055 3188 tenuit,
2092 3115 2430 3198 copiisque
2460 3111 2605 3192 (de-

313 3168 596 3284 zm‘r-'t'i'un‘f
655 3212 798 3254 cem
827 3206 1011 3253 erant
1046 3191 1247 3254 millia
1289 3194 1615 3274 militum)
1653 3196 2003 3280 expositis,
2048 3217 2271 3277 magna
2310 3216 2455 3255 cum
2473 3196 2605 3256 lae-

315 3251 558 3354 ffffndffi
654 3274 796 3335 titia
835 3273 1429 3355 Lilybaetanorum,
1474 3275 1540 3335 in
1579 3275 1807 3338 urbem
1839 3292 2139 3362 acceptus
2174 3274 2279 3338 est.
2362 3333 2369 3338 ,
2612 3277 2616 3282 ’

311 3369 475 3421 “⁸⁶¹⁸
539 3384 628 3422 θ’·
777 3379 948 3444 Vult
1003 3378 1278 3440 Romani
1303 3420 1319 3450 ,
1363 3401 1559 3462 quum
1600 3380 1947 3463 ingrestum
1985 3379 2253 3442 hostium
2284 3379 2607 3465 impedire

314 3447 430 3490 η’·
653 3481 786 3520 non
821 3460 1204 3544 potuissent,
1267 3459 1348 3520 de
1383 3475 1607 3524 cetero
1644 3463 2081 3526 consultabant
2106 3507 2121 3534 ,
2197 3463 2612 3556 quemadmo-

656 3539 806 3602 dum
831 3561 1028 3624 opem
1059 3563 1172 3602 sua
1203 3553 1603 3616 tutarentur,
1646 3565 1829 3626 quae,
1873 3559 2043 3608 tanta
2064 3544 2469 3606 multitudine
2494 3565 2645 3624 rto-7

651 3639 880 3683 rorum
923 3622 1199 3684 militum
1230 3637 1524 3708 recepta,
1586 3625 2021 3688 Himilconem
2110 3625 2364 3688 rosecto
2404 3625 2609 3708 obpu-

653 3716 994 3784 gnaturum
1045 3705 1172 3766 ess'e
1223 3703 1547 3766 videbant.
1648 3712 1871 3788 Neque
1914 3649 2155 3770 fefeffit
2202 3728 2316 3770 eos
2356 3708 2609 3792 opinio.

653 3785 914 3844 Poenus
940 3784 1131 3857 enim,
1177 3783 1453 3846 aliorum
1482 3785 1852 3848 recentibus
1892 3789 2161 3862 viribus,
2200 3789 2474 3851 aliorum
2503 3809 2609 3848 re-

653 3863 846 3926 sectis
899 3865 1178 3928 adventu
1221 3867 1547 3928 sociorum
1592 3867 1821 3930 animia
1867 3870 2131 3944 usurus,
2195 3884 2453 3934 veteres
2492 3889 2609 3930 no-

654 3966 896 4030 vasque
937 3947 1160 4031 copias
1203 3947 1271 4008 in
1316 3948 1697 4010 concionem
1732 3967 1953 4014 vocat:
2019 3973 2135 4037 ape
2184 3951 2513 4042 victoriaex
2534 3969 2609 4012 ac

655 4049 788 4064 ῥ-

723 4096 802 4150 Ca
852 4095 991 4150 ‚VL
1029 4095 1531 4166 Zonaras.Polyb.
1586 4097 1883 4220 ΟηἪᾪἸῙ.
1901 4093 2079 4152 Diod.
2099 4097 2299 4174 Eclog.
2320 4095 2463 4168 l-24.
2496 4099 2603 4154 Po-

655 4163 775 4236 lyb.
841 4179 1071 4220 ouaras.
1093 4164 1267 4222 Oros.
1280 4167 1335 4235 4,
1360 4163 1664 4236 impolyb.
1740 4164 2157 4240 iudex-‚Polym
2606 4214 2614 4222 .
