2859 4717
667 274 780 337 130
823 272 1379 337 FREINSHEMH
1407 269 2225 337 SUPPLELOENTORUM
2248 272 2397 333 Lm.
2424 273 2535 340 Vl.

295 506 630 578 B,5cr,·p„·0‚
782 484 980 543 XXH.
1025 478 1416 547 lusulaxem
1450 475 1561 537 ista
1598 497 1791 560 quum
1828 476 2300 559 magnitudine,
2342 492 2477 540 tum
2500 494 2603 543 et-

659 564 784 625 iam
807 563 1138 625 fertilitate
1167 578 1412 629 omnes,
1456 578 1619 657 quae
1640 558 1709 617 in
1738 558 2212 621 mediterraneo
2244 562 2403 621 mari
2426 577 2600 637 sunt,

657 646 852 727 longe
901 640 1259 705 antecellitt
1329 639 1499 711 olei,
1566 639 1705 699 vini
1726 680 1744 711 ‚
1800 640 2109 700 frumenti
2140 642 2365 724 optimi
2402 664 2605 727 supra

659 724 854 787 fidem
885 724 1100 787 ferax:
1147 720 1399 803 ‘populo
1434 720 1777 802 frequens,
1820 720 2163 805 multisque
2202 736 2267 783 et
2308 724 2602 785 maximis

656 807 924 867 urbibus
955 804 1036 865 ad
1067 803 1444 863 miraculum
1476 800 1724 861 exculta
1750 822 1765 861 ε
1827 815 2129 884 portuum
2162 818 2371 864 autem
2404 806 2599 866 situs-

657 908 784 971 que
825 887 1024 947 totius
1065 880 1517 947 commoditate
1550 881 1662 943 vix
1706 882 1868 943 alius
1910 902 2207 964 magnum
2254 884 2343 945 im
2390 886 2601 947 erium

659 966 1043 1030 consttiuere
1077 962 1485 1048 cupientibus
1520 982 1597 1023 ae
1644 983 1725 1024 ue
1762 962 2037 1023 idoneus
2070 964 2251 1029 locus
2286 986 2323 1027 e
2378 1010 2396 1026 .
2442 974 2599 1029 Nam

654 1049 872 1111 ltaliae
907 1047 1241 1129 conjuncta
1293 1064 1372 1104 ex
1425 1044 1613 1109 diver
1638 1044 1676 1103 'a
1726 1057 1911 1129 parte
1964 1042 2253 1107 Africam
2291 1048 2597 1131 respicit3

653 1130 778 1191 alio
819 1150 898 1191 ex
945 1130 1146 1193 latere
1181 1124 1576 1187 Sardiniam:
1642 1125 1719 1185 ab
1762 1124 2037 1187 Oriente
2078 1128 2597 1211 Peloponnesum

651 1226 718 1273 et
767 1210 1103 1273 Graeciam
1135 1208 1316 1271 Ionio
1353 1207 1515 1267 mari
1554 1204 1870 1267 discretas
1908 1205 2137 1269 habet:
2194 1230 2595 1305 quaquaver-

653 1312 791 1353 sum
821 1292 1230 1373 navigatione
1259 1286 1484 1360 brevi,
1528 1300 1595 1348 et
1631 1286 1712 1347 ad
1743 1287 2123 1349 emittendas
2156 1290 2596 1385 accipiendas-

413 1432 420 1439 .
651 1394 776 1457 que
817 1372 1040 1435 claffes
1081 1370 1402 1433 facillima.
1466 1371 1693 1451 Neque
1730 1368 1993 1429 dubium
2030 1368 2138 1441 est,
2181 1390 2259 1431 cu
2306 1372 2599 1433 iditatem

345 1484 497 1538 Bm,-
519 1481 622 1534 p„
647 1453 768 1517 hac
803 1454 1006 1515 insula
1033 1450 1352 1537 potiundi,
1397 1470 1587 1533 quam
1618 1449 1851 1511 eodem
1876 1463 2170 1534 tempore
2192 1465 2257 1513 et
2334 1472 2599 1515 omanus

311 1555 422 1608 nica·
461 1567 622 1623 prae·
694 1556 731 1597 ο
781 1537 958 1608 ulus,
1006 1548 1074 1595 et
1105 1530 1336 1595 Cartha
1384 1528 1657 1591 ‘niensis
1690 1528 2026 1593 affectabat
2047 1573 2066 1604 ,
2121 1532 2389 1594 cauffam
2420 1533 2599 1595 bello

313 1632 490 1673 textus
537 1629 598 1671 ea
693 1638 730 1679 e
779 1618 888 1677 iss'e
913 1656 929 1686 ‚
973 1616 1130 1677 licet
1173 1613 1295 1674 alia
1391 1613 1745 1674 icerentur.
1808 1632 1953 1672 nam
1986 1612 2257 1673 Romani
2298 1615 2598 1675 Tarenti-

309 1704 552 1760 ‘Wmu-
644 1718 766 1761 noa
803 1710 1026 1759 contra
1067 1692 1300 1756 foedus
1337 1692 1586 1775 adjutos
1620 1693 2014 1776 arguebant:
2078 1694 2289 1755 Poeni
2322 1697 2598 1757 societa-

644 1792 778 1841 tem
819 1798 965 1839 cum
996 1776 1290 1837 Hierone
1314 1816 1334 1849 ‚
1390 1788 1466 1837 ut
1510 1773 1814 1837 adversus
1863 1795 1933 1836 se
1976 1774 2234 1849 initam,
2296 1776 2598 1839 crimina·
2705 1813 2720 1824 =

643 1859 896 1923 bantur.

314 2025 588 2095 U.e.489.
768 2022 994 2083 xxm.
1043 2018 1347 2081 Ceterum
1383 2038 1465 2079 eo
1508 2015 1637 2097 jam
1672 2015 2002 2103 potentiae
2056 2015 2282 2081 civitas
2324 2032 2593 2103 utraque

345 2096 585 2176 Pofeneia
649 2114 1072 2187 pervenerat,
1137 2112 1210 2160 ut
1251 2099 1485 2160 evitari
1514 2118 1643 2158 non
1722 2098 2001 2171 otue‘rit,
2104 2099 2219 2161 uin
2252 2100 2595 2183 aliquando

311 2176 594 2282 '‘nme'‘ffl‘
651 2202 1047 2269 quacumque
1094 2177 1174 2240 de
1233 2180 1436 2241 cauffa
1492 2179 1645 2239 colli
1694 2193 1982 2240 crentur.
2044 2116 2596 2273 {uemadmodum

307 2248 448 2302 μμ
479 2248 520 2282 '⁸
652 2264 824 2326 enim
843 2263 1134 2331 arbores,
1175 2280 1304 2321 non
1331 2281 1433 2321 ma
1476 2280 1561 2321 no
1596 2261 1936 2321 intervallo
1976 2262 2283 2333 consitae,
2324 2263 2599 2345 aliquam

651 2342 912 2431 quidem
945 2343 1058 2405 diu
1093 2362 1222 2401 non
1259 2342 1433 2425 impe
1482 2342 1624 2402 iunt
1664 2341 1943 2403 invicem
1978 2362 2369 2425 magnopere
2398 2364 2418 2421 3
2482 2368 2595 2405 au-

651 2441 792 2489 ctae
829 2445 988 2487 vero
1011 2466 1027 2496 ,
1087 2422 1458 2483 alimentum
1491 2436 1682 2506 atque
1712 2442 1971 2483 succum
2010 2436 2227 2483 mutuo
2257 2424 2596 2509 intercipi·-

651 2522 800 2582 unt3
845 2526 1040 2589 quum
1073 2502 1456 2583 grandiores
1498 2500 1647 2565 fieri
1682 2523 1985 2586 coepere,
2026 2502 2351 2564 radicibus
2386 2520 2451 2565 et
2488 2528 2594 2565 ra·

651 2588 776 2649 mis
814 2586 1170 2648 commiss’ae
1199 2598 1592 2645 atteruntur:
1638 2585 1725 2645 ita
1742 2584 2151 2667 surgentibus
2167 2585 2458 2667 imperiis
2485 2587 2597 2646 vix

653 2688 776 2753 per
826 2682 1112 2728 naturam
1165 2665 1408 2726 diutius
1472 2664 1599 2725 fida
1650 2685 1915 2726 manere
1966 2662 2171 2748 potest
2222 2666 2591 2745 concordia,

557 2819 565 2827 ,
657 2770 844 2833 quam
879 2748 1129 2819 donec,
1193 2745 1428 2807 extrito
1476 2746 1650 2830 quod
1692 2746 1972 2809 medium
2014 2744 2261 2816 suerat,
2324 2747 2593 2826 conjun-

657 2831 780 2892 ctis
809 2831 934 2911 jam
965 2826 1199 2889 finibus
1244 2828 1695 2889 concurrentia
1730 2841 1999 2909 urgeant
2021 2828 2193 2887 inter
2218 2848 2286 2887 se
2304 2820 2595 2889 trudant-

657 2932 784 2995 que
809 2954 826 2985 ,
879 2930 1092 2993 neque
1138 2910 1426 2992 priorem
1473 2909 1640 2969 intra
1678 2910 1937 2971 modum
1972 2906 2169 2969 standi
2202 2909 2289 2969 im
2337 2910 2593 2971 etrabili

655 2994 1020 3063 voluntate,
1081 3010 1292 3072 neque
1325 2988 1575 3061 libero,
1641 2990 1771 3049 nisi
1818 2992 2087 3051 remotis
2120 2989 2261 3050 obsi
2312 2991 2593 3063 entibus„

659 3071 740 3133 ad
768 3072 1072 3153 majorem
1104 3070 1582 3154 amplitudinem
1608 3072 1942 3153 procursu.
1999 3069 2365 3131 Accedebat
2381 3072 2459 3130 ad
2478 3072 2597 3132 has

661 3155 900 3217 cauffas
933 3152 1002 3213 in
1039 3165 1180 3212 utra
1229 3170 1310 3211 ue
1365 3151 1624 3233 civitate
1668 3172 1894 3235 magna
1932 3150 2143 3235 plebis
2180 3164 2245 3211 et
2278 3154 2595 3235 potentia,

661 3248 731 3297 et
770 3230 1166 3317 suscipiendi
1241 3232 1437 3293 ellum
1479 3231 1814 3315 cupiditas.
1898 3237 2055 3300 Nam
2094 3232 2161 3291 in
2192 3231 2601 3316 Carthagini-

663 3316 806 3378 ensi
843 3313 1175 3399 republica
1206 3312 1435 3397 vulgus
1462 3314 1711 3375 valebat
1793 3314 2124 3375 lurimum:
2216 3313 2363 3386 uod,
2395 3314 2601 3379 auctis

359 3418 513 3475 Bm,-
548 3438 639 3474 a-
661 3398 956 3459 civitatis·
990 3394 1255 3477 opibus,
1322 3394 1523 3456 variis
1568 3410 1633 3455 et
1676 3396 1742 3477 ip
1775 3416 1880 3455 um
1925 3412 2173 3456 commo
2221 3394 2276 3455 is
2308 3396 2600 3481 locuple-

321 3490 558 3561 pae'dieas.
661 3479 786 3539 tari
827 3478 1124 3548 aditum,
1187 3474 1477 3559 quaestus
1518 3476 1858 3537 dulcedine
1904 3475 2075 3536 bella
2112 3495 2189 3537 ex
2226 3475 2416 3536 bellis
2462 3478 2599 3539 seri

660 3578 790 3619 non
821 3558 1091 3619 invitum
1127 3556 1507 3640 patiebatur.
1590 3561 1818 3640 Neque
1850 3558 2115 3617 multum
2150 3556 2405 3619 diversa
2442 3578 2604 3621 eon-

663 3638 826 3701 ditio
863 3640 1184 3700 Romanae
1219 3636 1649 3699 multitudinis
1684 3651 1855 3715 erat3
1906 3656 2067 3720 quae
2114 3637 2337 3699 damna
2374 3641 2475 3700 rei
2500 3640 2599 3701 fa-

661 3720 972 3793 miliaris,
1014 3740 1094 3780 au
1137 3720 1344 3781 eriori
1371 3718 1546 3779 bello
1584 3719 1787 3792 illata,
1850 3719 2087 3781 Siculis
2122 3718 2371 3781 divitiis
2404 3718 2599 3785 facile

663 3802 956 3887 reparari
995 3820 1081 3883 po
1134 3822 1171 3862 e
1211 3820 1477 3884 sperans
1500 3841 1518 3872 ,
1586 3820 1709 3882 pro
1743 3800 1887 3881 jure
1922 3818 2131 3883 nuper
2155 3801 2453 3863 Patribus
2486 3822 2599 3863 ex-

729 3955 1068 4026 Cap-XXII.
1105 3954 1322 4011 Strabo
1341 3992 1360 4023 ,
1387 3955 1431 4009 l.
1450 3954 1506 4011 6.
1536 3974 1599 4029 p·
1626 3957 1749 4013 26&
1787 3958 1947 4011 'l'hue
1986 3957 2045 4013 d.
2072 3958 2113 4011 l.
2148 3956 2206 4012 ⁶.
2239 3956 2597 4013 Macrobius.

661 4022 912 4077 Diodor.
932 4024 1132 4097 Eclog.
1157 4024 1196 4077 1.
1215 4024 1299 4079 23.
1336 4024 1497 4078 Flor.
1518 4046 1569 4093 2,
1586 4042 1637 4079 π.
1674 4027 1737 4078 L.
1762 4025 1945 4098 Ampe
1972 4027 2077 4095 ius,
2098 4030 2241 4088 (3.46.
2278 4024 2599 4089 Liv.ai‚1o.
2656 4058 2663 4067 ι

661 4094 942 4213 fingar-a.
1013 4092 1159 4165 Cap.
1179 4086 1386 4149 xxm.
1422 4093 1657 4151 Aristot-
1688 4094 1859 4151 Polit.
1884 4115 1936 4163 2,
1958 4114 2041 4151 n.
2082 4097 2359 4151 Zonaras.
2394 4093 2601 4167 Polyb.

696 4195 714 4226 ‚
802 4197 824 4213 0
