2859 4717
592 361 607 377 .
699 290 785 349 m
825 236 1119 349 Locum
1154 287 1317 347 Lm.
1358 286 1532 351 xvl.
1575 288 1798 351 mvn.
2019 296 2028 304 ·
2101 288 2212 351 133

256 493 339 553 in
382 490 667 553 Siciliam
700 492 903 554 miffo.
988 493 1139 567 llle,
1196 492 1437 554 coactis
1476 490 1555 551 ad
1599 490 1970 572 Lilybaeum
2003 496 2212 578 copiis
2273 492 2549 561 Ποῦ-489·

260 574 677 634 Selinuntem
720 576 1089 658 progress'us
1115 617 1133 647 ,
1200 570 1544 656 castrisque
1585 572 1678 633 ibi
1715 573 1942 645 factis,
2013 574 2212 657 pede-

254 654 461 715 strem
502 658 855 718 exercitum
889 656 1189 739 reliquit:
1250 653 1387 737 ipse
1463 654 1723 715 rocess'it
1766 656 2212 739 Agrigentum,

256 730 369 808 et,
411 754 561 795 arce
603 737 1019 809 communita,
1072 736 1381 825 populum
1408 676 2030 817 Earthaginiensibus
2063 739 2216 799 ami-

258 836 418 876 cum
456 816 533 875 ad
571 820 945 881 societatem
980 836 1301 879 armorum
1332 830 1552 877 contra
1589 818 1912 879 Romanos
1941 818 2215 901 impulit.
2252 868 2328 920 m
2399 832 2408 838 '
2433 866 2481 921 P

258 898 449 957 Hinc
475 898 541 957 in
567 896 762 961 castra
790 899 1119 959 reversum
1149 910 1539 979 repererunt
1569 897 1646 957 ab
1681 898 1975 960 Hierone
1996 899 2213 981 legati,
2242 883 2430 988 ,ἐκ
2473 886 2556 988 :22

266 978 391 1059 qui
429 990 494 1038 et
530 977 663 1061 ipse
686 1022 702 1051 ‚
747 983 1181 1041 Romanorum
1210 980 1277 1039 in
1318 976 1604 1040 Siciliam
1640 980 1914 1041 transitu
1953 974 2216 1043 minime
2241 1006 2354 1056 eins
2368 1016 2555 1058 mm.

264 1057 504 1127 laetus»,
526 1056 651 1119 hoc
674 1061 943 1120 maxime
962 1075 1389 1156 opportunum
1418 1074 1672 1143 tempus
1697 1060 2036 1141 judicabat,
2153 1082 2215 1135 0,
2244 1071 2524 1126 Romanos.

264 1138 633 1219 conjunctis
671 1140 937 1201 Punicis
973 1142 1257 1212 viribus,
1324 1154 1389 1202 et
1424 1141 1553 1225 ipsi
1587 1155 1652 1202 et
1677 1143 2018 1207 Messanam
2050 1165 2088 1205 o
2139 1142 2219 1205 ti-

264 1232 505 1281 nentes
545 1220 799 1283 barbari
834 1223 1093 1307 penitus
1128 1244 1205 1286 ex
1240 1220 1443 1286 insula
1473 1222 2071 1285 exterminarentur.

398 1337 623 1397 XXIX.
668 1340 923 1421 ltaque,
968 1339 1297 1421 colloquio
1324 1358 1470 1399 cum
1509 1339 1736 1401 Cartha
1789 1340 2024 1400 'niensi
2056 1338 2220 1403 duce

262 1416 533 1491 habito,
620 1440 769 1479 uum
798 1422 1054 1502 utrique
1088 1420 1403 1480 Messanae
1443 1440 1724 1503 occupan
1775 1442 1849 1482 ae
1889 1442 2004 1505 spe
2045 1422 2218 1483 exci-

266 1497 545 1571 dissent,
634 1500 794 1561 acile
835 1498 1137 1561 adversus
1166 1502 1551 1573 Romanum,
1616 1516 2034 1585 utrorumque
2079 1504 2222 1587 pari

268 1578 510 1652 damno
558 1581 1119 1662 supervenientem
1144 1621 1161 1650 ,
1229 1578 1608 1643 societatem
1645 1578 2048 1644 instituerunt
2073 1628 2090 1658 ,
2154 1598 2223 1645 ut

262 1658 617 1720 Melsanam
642 1663 1065 1723 communiter
1086 1657 1449 1722 obsiderent
1465 1703 1481 1733 ,
1526 1681 1736 1757 neque
1757 1684 2136 1747 quemquam
2157 1667 2224 1726 in

270 1740 539 1811 Sicilia,
586 1740 715 1801 nisi
751 1754 857 1801 aut
888 1739 1295 1820 Syracusani,
1341 1756 1444 1802 aut
1473 1742 1706 1803 Punici
1731 1744 1918 1821 juris,
1961 1748 2088 1807 ess'e
2111 1768 2222 1831 pa-

264 1834 590 1883 terentur.
666 1821 753 1881 ita
798 1824 1053 1883 Poenus
1095 1822 1484 1905 imperator,
1536 1825 1873 1905 praemiss'o
1915 1824 2219 1889 caducea-

266 1916 453 1976 tore,
530 1903 642 1987 qui
684 1904 1042 1976 Romanos,
1114 1904 1169 1963 si
1214 1902 1817 1989 Carthaginiensium
1865 1908 2051 1969 amici
2093 1910 2222 1971 ess'e
2264 1891 2562 1974 Rmmffu’?

268 1984 555 2057 vellent,
615 1983 987 2067 relinquere
1032 1984 1367 2046 Melsanam
1394 2027 1409 2058 ,
1478 1999 1542 2046 et
1585 1987 1746 2047 intra
1786 1986 2219 2070 praestitutum
2246 1960 2555 2081 ,ζ”ῗξζζὲζ

272 2064 448 2127 diem
478 2060 796 2127 excedere
834 2065 1059 2145 Sicilia
1090 2066 1379 2147 juberet.
1435 2068 1590 2129 totis
1632 2068 1880 2129 viribus
1915 2070 1990 2129 ad
2003 2072 2218 2135 versus
2241 2113 2300 2149 η
2319 2098 2522 2163 sunu,

268 2146 691 2209 Mamertinos
742 2148 965 2208 movit.
1049 2152 1263 2209 Naves
1312 2148 1485 2209 circa
1537 2150 1842 2209 Pelorum
1891 2149 2220 2213 stationem

274 2246 470 2309 agere
498 2226 728 2307 juffae:
836 2224 1084 2289 edester
1118 2229 1439 2290 exercitus
1473 2229 1552 2288 ad
1588 2229 1836 2302 Qubilia
1863 2273 1878 2301 ‚
1949 2234 1979 2309 (
2009 2244 2220 2299 Eunus

275 2308 514 2371 Graeci
534 2250 1023 2389 vocantfhaud
1057 2311 1284 2393 procul
1320 2310 1478 2370 urbe
1511 2310 1784 2371 Mess'ana
1814 2310 2090 2371 diffitum
2123 2312 2219 2371 lo-

278 2408 445 2462 cum,
489 2388 682 2452 castra
708 2390 1145 2453 communivit.
1208 2392 1406 2455 Venit
1441 2404 1505 2453 et
1537 2412 1612 2451 ex
1642 2404 1828 2472 pacto
1859 2411 2000 2451 cum
2032 2394 2224 2470 Syra-

277 2470 508 2531 cusano
542 2473 745 2534 milite
784 2473 1029 2541 Hiero,
1075 2486 1139 2533 et
1174 2472 1250 2533 ab
1287 2474 1484 2534 altera
1510 2472 1689 2531 urbis
1720 2485 1926 2555 parte,
1975 2472 2220 2532 circum

276 2567 556 2614 montem
592 2552 1025 2615 Chalcidicum
1058 2554 1356 2627 nomine,
1399 2552 1712 2614 consedit.
1781 2554 1865 2612 ita
1905 2552 2059 2612 urbs
2101 2573 2218 2612 un-

277 2631 473 2717 dique
502 2634 885 2696 circumdata
908 2676 925 2705 ,
970 2654 1180 2717 neque
1222 2650 1431 2707 terra,
1477 2652 1690 2718 neque
1725 2634 1882 2693 mari
1904 2653 2216 2695 commea-

275 2726 409 2775 tum
440 2729 548 2777 aut
582 2716 815 2777 auxilia
842 2714 1140 2796 accipere
1172 2730 1309 2777 tuto
1345 2728 1622 2797 poterat.
1707 2716 1837 2777 Sub
1867 2714 2038 2777 idem
2057 2727 2218 2776 tem-

275 2816 399 2876 pus
432 2815 627 2891 quum
675 2794 956 2853 Punicus
996 2792 1376 2855 caduceator
1420 2794 1582 2855 nihil
1623 2818 1658 2857 a
1692 2796 1964 2859 Meffana
2005 2796 2216 2877 pacati

278 2875 627 2943 retulisset,
678 2872 1269 2955 Carthaginienses,
1327 2875 1558 2958 partim
1585 2876 1714 2949 ira,
1823 2878 2010 2938 artim
2040 2874 2217 2936 difli-

280 2952 497 3014 dentia
524 2953 836 3037 permoti,
880 2972 1123 3026 omnes,
1168 2956 1278 3039 qui
1305 2955 1472 3038 apud
1498 2954 1670 3039 ipsos
1692 2900 2067 3033 militabant,
2093 2960 2218 3022 Ita·

272 3032 386 3097 lici
424 3034 686 3118 generis
722 3032 1151 3096 conductitios
1188 3035 1542 3098 crudeliter
1574 3038 1971 3101 occiderunt.

2253 1629 2560 1683 Messanam

2248 1699 2509 1753 obsident.

392 3167 595 3228 XXX.
637 3165 816 3261 Quae
887 3164 1163 3251 ostquam
1194 3172 1437 3233 Romae
1463 3184 1786 3255 comperta
1819 3184 1986 3246 sunt,
2043 3190 2078 3231 e
2101 3188 2212 3231 ve·-
2307 3174 2524 3245 Appius

274 3247 458 3331 stigio
514 3267 657 3309 cum
708 3190 923 3311 valigo
975 3250 1263 3313 exercitu
1309 3252 1644 3336 profectus
1694 3254 1913 3315 consul
1963 3248 2213 3345 Appius
2237 3242 2572 3325 eqnsutque-

272 3330 593 3414 Rhegium
627 3332 827 3393 venit.
885 3329 1039 3392 inde
1059 3373 1077 3402 ‚
1106 3333 1467 3416 praemiffis
1489 3378 1509 3407 ,
1555 3335 1664 3415 qui
1701 3354 1846 3395 cum
1877 3336 2118 3393 Poenis
2151 3344 2218 3390 et
2237 3326 2388 3381 8⁸⁸⁸·
2406 3324 2570 3365 “⁰⁸⁸‘-

242 3412 565 3494 ‚Hierone
606 3410 686 3473 de
732 3410 1053 3475 oblidione
1088 3413 1393 3475 solvenda
1436 3429 1734 3497 agerent,
1801 3414 1938 3497 ipse
1980 3414 2218 3473 fretum

276 3494 409 3552 acri
444 3490 721 3553 custodia
755 3507 1007 3577 septum
1042 3493 1276 3567 sciens,
1323 3495 1638 3556 sollicitus
1677 3497 1959 3555 intentus
2009 3514 2090 3553 ue
2114 3514 2216 3552 ra-

272 3572 513 3632 tionem
552 3574 799 3635 minore
830 3593 972 3634 cum
1002 3574 1300 3657 periculo
1328 3574 1696 3655 trajiciundi
1735 3578 1975 3636 circum
2007 3575 2213 3658 picie-

272 3653 401 3713 bat.
484 3655 575 3715 Le
622 3656 709 3715 ati
744 3652 1021 3716 consulis
1051 3674 1262 3750 neque
1295 3678 1329 3717 a
1356 3656 1597 3716 Poenis
1633 3657 1900 3717 amicum
1940 3675 2212 3737 respon·
2285 3644 2543 3697 moronis

277 3754 415 3794 sum
451 3749 589 3795 retu
620 3745 839 3808 erunt,
882 3748 949 3795 et
983 3734 1062 3795 ab
1096 3736 1387 3797 Hierone
1418 3750 1713 3797 accurata
1744 3738 2036 3797 oratione
2070 3748 2216 3795 sunt
2239 3716 2548 3830 '5⁹⁰⁸w‘1‘·

272 3814 621 3909 increpiti„
674 3817 819 3900 qui,
880 3818 1390 3877 commemoratis
1424 3818 1492 3877 in
1523 3817 1828 3899 populum
1863 3820 2216 3877 Romanum
2239 3792 2568 3919 2:52⁶*AJJ

277 3894 515 3956 officim
534 3898 689 3967 ⁵⁰1⁸,
710 3912 997 3985 Ambigo,
1028 3896 1258 3981 inquit,
1296 3930 1580 3968 meamne
1605 3914 1794 3968 vicem
1816 3910 2066 3969 doleam
2083 3929 2215 3967 ma·
2235 3914 2340 3984 μὴ’.

278 4006 401 4015 ——-.
432 4006 591 4015 ...ί-.-
601 4006 682 4013 ——.-.

344 4046 486 4117 Gap.
508 4046 769 4100 xxvm.
784 4046 983 4101 „Diotk
1004 4046 1257 4118 Eelogd.
1280 4048 1365 4103 23.
1402 4048 1609 4117 Polyb.
1633 4066 1679 4107 1,
1699 4066 1720 4099 ι
1737 4066 1781 4101 ι.
1853 4048 1991 4117 Cap.
2010 4048 2210 4101 XXIX.

275 4111 447 4166 Diod.
464 4114 662 4185 Eclog.
685 4116 724 4167 1.
748 4132 831 4167 22.
854 4116 962 4169 etl.
986 4118 1073 4171 23.
1112 4118 1389 4171 Zonaraa.
1429 4115 1818 4185 Diod.³Eclog.
1835 4114 1876 4168 l.
1897 4120 1983 4170 23.
2005 4113 2209 4185 Polyb.

276 4180 551 4241 zonarae.
624 4186 765 4255 Cap.
783 4186 953 4239 XXX.
1000 4183 1175 4255 Diod.
1197 4182 1397 4258 Eclog.
1434 4183 1638 4253 Polyb.
1677 4183 1853 4239 Diod.
1875 4184 2074 4255 Eelog·
