2859 4717
642 316 730 376 m
774 312 1066 375 Loctm
1103 309 1266 373 un.
1300 312 1473 379 xvi.
1518 284 1738 381 Lim.
2044 322 2149 388 141
2263 388 2278 400 ,

760 450 819 457 ⁴—-

201 524 754 601 quam'veneran
803 496 1208 580 festinatione
1235 518 1517 579 recellit.
1604 518 1917 589 Romani,
1966 538 2160 601 quum
2220 514 2495 583 [Id-⁴9⁰·

199 600 340 679 jam
381 598 674 661 Hierone
715 620 971 699 quoqpe
1012 600 1192 659 socio
1231 613 1296 661 et
1327 600 1768 661 commilitone
1804 613 2157 672 uterentur,
2218 610 2225 617 ‘
2334 655 2346 667 ,

205 696 348 741 non
395 679 504 739 diu
537 684 802 753 morati,
848 680 1395 747 Larthsviniensis
1427 680 1694 741 ditionis
1720 680 1955 764 oppida
1988 700 2157 741 com·
2187 653 2343 775 εἷς*
2360 654 2501 773 *33²2

205 763 408 845 plura
443 761 858 842 subegerunt.
944 763 1028 821 Et
1051 782 1084 821 a
1153 761 1499 822 Adranone
1520 761 1813 845 quidem,
1858 765 2007 823 vico
2026 782 2160 821 mu·-
2188 738 2469 846 ,355f5„,

209 843 403 913 nito,
457 842 854 925 Macellaque
897 840 1034 925 post
1085 843 1431 904 multorum
1481 843 1733 903 dierum
1772 841 2207 903 obfidionem-

207 922 651 984 discess'erunt
683 922 886 984 inriti.
971 937 1256 985 ceterum
1287 923 1661 1006 Segestanos
1687 966 1703 997 ,
1750 924 1968 985 occiso
1998 926 2169 984 Poe-

211 1024 456 1065 norum
488 1003 800 1085 praesidio
839 1004 916 1064 ad
949 1026 1018 1067 se
1057 1006 1227 1066 ultro
1254 1003 1711 1077 desciscentes,
1731 996 2165 1087 ‘recepe-runt.

211 1098 490 1169 praeter
518 1086 640 1145 alia
658 1129 675 1158 ,
721 1085 1120 1180 cognationis
1142 1085 1602 1149 necessitudine
1627 1106 1697 1147 se
1714 1088 2017 1147 Romanis
2038 1084 2169 1147 sra-

211 1166 440 1227 tribus
495 1164 720 1227 favere
772 1167 1178 1239 dictitabant,
1255 1168 1577 1250 originem
1616 1188 1792 1243 suam
1829 1181 1893 1228 et
1927 1167 2055 1250 ipsi
2093 1164 2173 1227 ad

213 1250 512 1309 Aeneam
533 1292 548 1319 ,
605 1268 686 1309 ex
721 1246 1000 1309 'I'ro'ano
1033 1246 1336 1309 incendio
1369 1250 1738 1332 profugum,
1784 1248 2171 1309 referentes.

216 1334 456 1411 Neque
493 1328 694 1390 multo
745 1351 830 1412 po
859 1342 882 1387 t
919 1330 1216 1391 Alienaei
1257 1332 1563 1391 Romanis
1614 1329 2025 1392 access‘erunt.
2092 1327 2175 1390 ad

169 1448 180 1455 -
215 1409 526 1469 Hilarum
554 1428 715 1473 vero
734 1452 751 1485 ,
797 1411 1108 1491 Tyrittum
1131 1452 1148 1483 ,
1195 1424 1260 1471 et
1285 1412 1591 1471 Ascelum
1612 1454 1630 1483 ‚
1672 1412 1739 1473 vi
1770 1426 1835 1471 et
1860 1410 2173 1477 machinis

224 1512 400 1573 opus
438 1489 598 1552 fuit:
645 1511 854 1575 eoque
887 1491 1177 1553 severius
1207 1492 1274 1549 in
1317 1492 1525 1553 victos
1567 1491 1940 1553 consultum.
2026 1490 2173 1586 Quo
2254 1492 2507 1564 tyndare-

223 1586 492 1632 terrore
532 1570 976 1653 Tyndaritani,
1015 1570 1348 1655 proximos
1397 1592 1467 1631 se
1501 1573 1795 1653 periculo
1822 1614 1837 1641 ‚
1897 1586 1961 1633 et
2000 1572 2174 1631 auxi-
2235 1575 2391 1617 ’θ’θ’
2441 1562 2514 1613 ⁰⁴

220 1650 319 1712 lia
354 1644 547 1735 l‘onge
577 1654 702 1715 ess'e
739 1665 1102 1731 cernentes,
1145 1672 1338 1734 quum
1369 1650 1497 1734 ipsi
1526 1672 1781 1736 quoque
1808 1650 1887 1711 de
1920 1652 2175 1713 traden-
2247 1632 2515 1710 R‘”''⁶”.⁰⁸

226 1733 314 1793 da
335 1735 636 1795 Romanis
673 1734 832 1795 urhe
853 1732 1303 1803 consultarent,
1348 1753 1384 1793 a
1413 1732 1655 1795 Poenis
1674 1731 1987 1817 prohibiti
2009 1747 2175 1793 sunt.
2202 1714 2518 1837 maxx?

225 1836 380 1875 nam
416 1814 550 1887 illi,
596 1834 676 1875 ex
715 1816 911 1877 rebus
948 1814 1109 1908 ipsis
1148 1812 1517 1894 conjectura
1550 1829 1765 1899 capta,
1884 1813 1997 1874 uid
2029 1834 2179 1895 age-

229 1909 456 1967 retur,
515 1895 836 1977 primores
871 1894 1149 1958 civitatis
1195 1893 1495 1957 obsidum
1531 1895 1677 1957 loco
1709 1895 1849 1975 Lily
1898 1915 2081 1955 neum
2115 1916 2179 1956 a·

227 1991 572 2052 vexerunt3
619 1977 808 2037 etiam
841 1975 1190 2049 frumento,
1230 1974 1406 2051 vino,
1458 1989 1945 2060 ceterarumque
1962 1996 2183 2037 rernm

233 2071 542 2141 apparatu
573 2056 963 2141 absportato.

363 2206 615 2269 XLVII.
673 2205 798 2266 His
853 2206 1254 2289 temporibus
1300 2206 1567 2270 Otacilii
1623 2206 1840 2269 Crassi
1902 2206 2179 2269 consulis
2264 2224 2485 2279 officim

235 2288 421 2349 utilis
457 2300 520 2348 et
541 2287 932 2349 conveniens
954 2290 1272 2349 Romanae
1291 2288 1671 2371 disciplinae
1706 2289 2017 2351 severitas
2037 2288 2179 2347 suit.
2207 2293 2519 2355 consutis-se.
2564 2324 2571 2331 -

243 2372 357 2451 qui
393 2368 672 2443 milites,
732 2368 807 2429 ab
859 2368 1216 2429 Hannibale
1268 2370 1443 2452 turpi
1488 2382 1675 2451 pacto
1724 2369 2181 2430 incolumitatis
2210 2363 2436 2415 ‘'Wins-

243 2452 362 2512 sub
391 2449 413 2530 j
503 2470 610 2509 nm
642 2450 880 2523 miss'os,
925 2463 1102 2511 extra
1135 2450 1364 2511 vallum
1400 2448 1667 2511 tendere
1698 2447 1890 2531 jaffit,
1936 2462 2026 2520 ut,
2063 2446 2182 2509 ho-

245 2531 428 2593 stium
459 2470 939 2592 §ncurlionibus
991 2530 1310 2613 expositi,
1371 2549 1582 2615 neque
1624 2530 1815 2603 alibi,
1890 2549 2076 2626 quam
2117 2530 2185 2589 in

247 2615 522 2684 virtute,
571 2630 750 2695 spem
781 2611 1086 2672 habentes
1108 2655 1124 2683 ‚
1184 2608 1717 2672 confirmarentur
1754 2610 2021 2683 animis,
2082 2630 2184 2669 ar-

247 2694 496 2777 misque
531 2693 747 2776 potius
777 2734 792 2765 ,
845 2712 1026 2775 quam
1064 2693 1245 2765 loco,
1293 2713 1364 2753 se
1402 2693 1571 2754 tueri
1607 2692 1955 2753 discerent.
2037 2686 2187 2752 Post

245 2774 404 2835 haec
439 2789 505 2836 et
541 2773 661 2833 alia
693 2794 820 2835 non
850 2774 1110 2855 majoris
1147 2774 1453 2834 momenti
1486 2770 1651 2857 gesta
1672 2815 1689 2844 ,
1756 2794 1945 2857 quum
1977 2770 2185 2831 hiems

249 2856 616 2917 immineret
640 2897 658 2929 ‚
721 2852 1052 2938 praefidiis
1087 2876 1208 2937 per
1247 2869 1611 2938 opportuna
1650 2854 1789 2915 loca
1832 2852 2189 2935 dispositis,

251 2936 582 3011 consuleS,
627 2936 880 3019 reliquo
931 2936 1218 2996 exercitu
1259 2937 1328 2995 in
1361 2936 1601 2996 ltaliam
1636 2946 1965 3019 reportato
1988 2974 2005 3004 ,
2059 2934 2193 2994 Ro-

247 3039 412 3079 mam
439 3018 798 3079 redierunt.
883 3018 980 3078 lbi
1019 3016 1122 3097 Μζ
1149 3016 1414 3079 Valerio
1435 3060 1453 3088 ‚
1498 3016 1675 3096 cujus
1719 3036 1797 3077 eo
1832 3013 2005 3077 bello
2044 3012 2191 3074 seli-

249 3100 394 3159 cior
413 3113 478 3160 et
495 3095 716 3159 'utilior
736 3120 931 3181 opera
961 3098 1189 3167 suerat,
1233 3096 1598 3180 triumphus
1622 3096 1957 3159 decretus:
2003 3114 2195 3177 quem

250 3195 397 3241 ante
431 3180 604 3243 diem
641 3194 886 3240 sextum
919 3179 1234 3239 decimum
1269 3179 1585 3240 Kalendas
1620 3180 1675 3239 A
1726 3178 1883 3239 riles
1914 3176 1995 3236 de
2020 3180 2189 3235 Poe·
2492 3244 2502 3255 ,

251 3262 372 3321 nis.
395 3275 461 3322 et
493 3282 650 3345 rego
691 3262 1054 3322 Siculorum
1087 3257 1375 3321 Hierone
1409 3260 1609 3320 duxit.
1728 3269 2192 3319 raetervectum
2250 3242 2523 3325 3⁰3⁰&st

250 3342 424 3403 inter
448 3347 654 3425 spolia
689 3341 1098 3423 horologium
1135 3342 1280 3412 ess'e,
1331 3340 1481 3402 ideo
1503 3340 1867 3401 adnotatum
1900 3334 2007 3407 est,
2046 3336 2195 3418 quia
2216 3326 2393 3431 ἰε’
2416 3324 2515 3433 ἶς’·

251 3444 362 3485 res
395 3422 476 3485 ad
521 3444 659 3485 eam
696 3422 868 3483 diem
904 3424 1302 3517 incomperta
1330 3424 1573 3482 Romae
1608 3421 1837 3481 suerat.
1886 3418 1954 3479 id
1975 3417 2193 3479 Catina
2222 3394 2525 3519 puden„

251 3520 516 3601 recepta
551 3506 954 3589 deportatum
975 3544 992 3575 ‚
1039 3502 1276 3564 deinde
1307 3504 1374 3577 in
1405 3502 1669 3587 publico
1692 3500 2041 3563 secundum
2061 3500 2193 3559 Ro·
2217 3527 2376 3569 een-0.

253 3584 376 3647 stra
409 3608 477 3646 m
513 3588 801 3649 columna
833 3585 1133 3647 Valerius
1173 3582 1398 3646 statuit.
1452 3582 1753 3665 Idemque
1787 3581 2080 3653 tabulam,
2125 3580 2195 3640 in

250 3690 382 3751 >qua
417 3670 736 3751 proelium
761 3710 778 3739 ,
823 3688 950 3750 quo
987 3668 1244 3727 Poenos
1278 3679 1343 3727 et
1375 3666 1731 3725 Hieronem
1752 3664 2001 3725 vicerat
2022 3706 2039 3735 ,
2078 3660 2195 3722 de-

251 3751 498 3833 pictum
529 3750 674 3823 suit,
717 3752 786 3810 in
816 3749 1020 3809 latere
1043 3746 1256 3807 curiae
1277 3744 1583 3808 Hostiliae
1612 3742 1980 3828 proposuit:
2020 3741 2195 3827 quod

255 3834 404 3894 ante
438 3850 580 3893 eum
615 3832 776 3893 fecit
809 3850 1036 3901 nemo,
1078 3824 1290 3910 postea
1329 3829 1499 3910 pleri
1546 3847 1651 3887 ue.
1732 3824 2051 3887 Mess'allae
2082 3842 2190 3885 co·
2236 3821 2528 3876 Messanae

253 3932 532 3996 gnomon
563 3912 716 3974 huic
755 3911 1022 3975 Valerio
1073 3908 1149 3971 ab
1187 3908 1348 3971 urbe
1393 3914 1501 3969 Me
1552 3930 1667 3969 ana
1688 3904 1974 3967 'inditum
2006 3904 2191 3966 fuiss'o
2254 3908 2537 3995 ‘’Mum'’
2608 3919 2615 3936 ¹

325 4062 689 4145 Cap-XLVI.
724 4060 930 4130 Polyb.
963 4057 1210 4115 Diodor.
1265 4058 1543 4137 Zonaras.
1596 4052 1719 4109 Cic.
1754 4053 1815 4107 in
1849 4052 2189 4131 ἲῙειϊιιιιιμίΞ

257 4134 347 4189 33.
367 4129 619 4187 Diodor.
658 4130 802 4200 Cap.
825 4128 1048 4184 XLVII.
1085 4128 1351 4181 Frontina.
1373 4124 1551 4179 Strat-
1571 4126 1624 4191 4,
1652 4144 1700 4179 ι.
1734 4122 2011 4177 zonam.
2048 4118 2189 4172 Fasti

263 4198 452 4272 Capit.
495 4202 689 4255 Varro
705 4196 1020 4271 apudPlin.
1036 4215 1090 4266 7,
1107 4198 1206 4253 60.
1241 4192 1389 4249 min.
1407 4196 1561 4260 36,4.
