2859 4717
1163 176 1166 186 ·
2008 162 2022 201 Ἰ

693 294 784 357 m
824 211 1324 384 Locuitffnm.
1365 292 1596 405 xm.
1642 230 1866 365 min.
2123 296 2237 374 173

285 518 427 561 cam
445 499 700 561 cursum
721 496 1024 571 Romania
1055 498 1324 563 navibus
1345 498 1817 584 permitterent.
1858 500 2065 584 Igitur
2083 519 2235 564 auos
2292 500 2363 555 U·
2381 517 2433 555 ο·
2450 508 2569 572 497.

285 581 512 664 paucis
543 580 896 653 cohortati,
945 596 1016 647 nt
1045 603 1346 641 memores
1379 604 1503 644 non
1536 585 1615 643 de
1646 586 2076 659 praesentibus
2110 606 2233 643 mo·

291 660 394 729 do,
427 660 541 717 sed
575 662 856 719 omnibus
875 698 892 725 ‚
939 674 1088 735 quos
1123 654 1294 711 domi
1325 658 1582 725 quisque
1616 654 2012 713 charissimos
2044 654 2232 712 habe-

291 738 465 796 rent,
517 727 922 805 pugnandum
957 740 1120 787 esse,
1179 722 1530 789 obfirmatis
1564 732 1628 779 et
1660 724 1979 781 alacribus
2004 726 2233 781 animis

287 802 600 873 proelium
635 812 1045 879 capesserent,
1079 812 1275 853 naves
1298 790 1941 864 conl'cendunt,bona
1989 813 2071 852 ue
2091 811 2235 853 cum
2286 870 2296 875 -

293 892 410 953 spe
463 893 576 933 aua
625 887 690 934 et
735 874 1055 935 navalium
1103 872 1428 933 sociorum
1484 891 1566 932 ex
1610 886 1807 956 portu
1853 894 1972 934 eve
2020 886 2233 937 untur.
2301 893 2575 952 Proeti-m

289 956 517 1034 Neque
549 954 742 1037 longe
777 956 1060 1015 Romana
1091 953 1296 1015 claffis
1333 950 1574 1014 aberat.
1635 954 1849 1036 itaque
1874 952 2047 1015 baud
2078 974 2231 1037 pro·
2256 970 2469 1021 navat«.

289 1034 394 1093 cul
427 1034 741 1096 Heraclea
766 1035 912 1120 pari
944 1035 1267 1119 utrimque
1297 1033 1541 1095 robore
1572 1034 2001 1095 concurritur.

407 1138 491 1203 V.
533 1140 744 1203 Poeni
783 1140 982 1202 duces
1010 1141 1184 1203 inter
1218 1160 1292 1203 se
1331 1140 1418 1201 ita
1458 1154 2016 1223 comparaverant,
2062 1154 2132 1201 ut
2171 1142 2238 1203 in

289 1218 520 1281 dextro
555 1240 759 1283 cornu
793 1223 1020 1282 Hanno
1053 1236 1344 1298 curaret3
1413 1220 1601 1300 (erat
1635 1234 1843 1283 autem
1890 1222 2075 1283 idem·
2100 1222 2236 1296 ille,

289 1301 401 1383 qui
437 1301 606 1386 apud
649 1302 1070 1386 Agrigentum
1109 1302 1467 1364 infeliciter
1506 1304 1949 1386 pugnaverat)
1998 1305 2239 1365 ceteris
2272 1366 2277 1371 ,
2426 1374 2441 1389 ·

337 1384 605 1444 raeess’et
643 1382 985 1445 Hamilcar.
1057 1388 1268 1446 Naves
1305 1397 1513 1444 autem
1550 1404 1695 1445 suaa
1718 1426 1735 1455 ‚
1797 1384 2239 1447 animadversa
2301 1370 2503 1455 1¹1⁸*ss

353 1482 724 1525 omanorum
746 1466 908 1538 acie,
953 1463 1420 1561 quadripartito
1447 1477 1513 1525 et
1533 1464 1664 1559 ipsi
1695 1464 2063 1527 diviserant.
2108 1467 2237 1527 Ha·
2262 1458 2425 1495 “u''

292 1564 434 1604 rum
471 1566 633 1627 quae
661 1546 860 1613 totius
897 1544 1062 1607 aciei
1092 1542 1340 1606 sinistra
1363 1558 1520 1617 erat,
1562 1563 1627 1604 in
1651 1543 1919 1629 figuram
1942 1566 2127 1608 arcus
2152 1546 2242 1608 si-

289 1638 478 1686 nuata
503 1640 742 1687 terram
769 1627 993 1689 versus
1016 1626 1382 1687 inclinabat.
1429 1640 1686 1686 ceterae
1712 1626 2110 1709 simplicibus
2134 1646 2241 1688 or-

289 1706 551 1768 dinibus
581 1720 911 1781 extentae,
957 1708 1175 1791 proris
1208 1707 1465 1768 navium
1498 1706 1565 1771 in
1600 1705 1844 1767 hostem
1880 1708 2114 1775 versis.
2164 1726 2246 1769 ex

285 1788 390 1851 his
429 1788 720 1851 dextrum
761 1810 961 1851 cornu
984 1830 1001 1862 ,
1053 1790 1120 1847 in
1158 1809 1285 1872 quo
1323 1786 1729 1849 rostratarum
1758 1800 1826 1847 et
1853 1789 2243 1873 quinquere-

287 1872 487 1931 mium
537 1871 916 1933 celerrimae
969 1881 1183 1940 erant,
1244 1869 1478 1930 Hanno
1533 1868 1755 1930 versus
1809 1870 2002 1930 altum
2040 1890 2241 1945 mare,
2308 1898 2319 1909 .

289 1964 592 2035 quantum
625 1965 916 2037 poterat,
980 1951 1384 2035 mpori-exit,
1441 1950 1496 2011 si
1529 1971 1743 2035 pugna
1775 1950 2033 2013 aliunde
2066 1971 2240 2039 com-

133 2048 138 2058 ·
211 2072 220 2085 -
288 2032 468 2094 miss'a
505 2033 693 2105 ciret,
739 2031 1245 2095 circumdaturua
1285 2028 1550 2092 hostem.

407 2138 519 2203 Vl.
567 2142 795 2223 Neque
837 2138 948 2199 diu
979 2140 1210 2200 morati
1253 2138 1545 2203 consules
1590 2140 1657 2203 in
1700 2138 1946 2203 medias
1982 2134 2242 2200 Poeno'-
2306 2154 2575 2211 Hamilca-

285 2240 432 2281 rum
476 2240 672 2283 naves
723 2241 866 2283 cum
913 2218 1156 2283 duabus
1213 2222 1510 2292 class'ihua
1562 2221 1696 2283 suia
1752 2243 1823 2283 ae
1866 2220 2241 2283 intulerunt.
2270 2226 2355 2278 ris
2374 2228 2531 2292 astus.

286 2299 616 2371 Hamilcar
639 2344 657 2375 ‚
717 2324 846 2387 quo
886 2302 1322 2367 Romanorum
1373 2300 1575 2365 aciem
1611 2301 2004 2364 distraheret
2029 2343 2046 2374 ,
2109 2300 2245 2363 auis
2396 2320 2403 2328 “

287 2395 737 2467 praeceperat,
785 2398 874 2455 ut,
923 2383 1240 2444 commiss'a
1269 2404 1505 2467 pugna,
1550 2384 1765 2467 fugam
1802 2382 2107 2444 continuo
2144 2400 2247 2441 ca-

339 2463 637 2527 ess'erent.
713 2462 904 2559 Quod
943 2485 1138 2547 quum
1171 2464 1406 2525 factum
1452 2464 1649 2536 ciret,
1714 2462 2113 2547 Romanique
2141 2482 2252 2537 ce,-

290 2486 518 2606 gentes
556 2544 742 2607 avide
785 2544 1370 2629 persequerentur,
1415 2546 1547 2607 illia
1630 2543 1849 2605 uidem
1888 2543 1970 2608 ob
2013 2542 2249 2605 celeri·-

289 2639 488 2708 tatem
519 2626 772 2688 navium
811 2627 1072 2687 innoxia
1103 2626 1252 2708 fuga
1291 2624 1450 2689 fuit:
1494 2641 1557 2687 at
1647 2644 2017 2687 omanorum
2051 2625 2247 2699 acieS,

291 2708 388 2768 uti
410 2708 704 2769 voluerat
720 2708 1045 2768 Hamilcar
1067 2704 1607 2791 praevideratque
1630 2749 1646 2778 ‚
1691 2705 1934 2767 divulsa
1964 2703 2069 2777 est,
2092 2706 2249 2767 tria-

290 2788 412 2851 riis
451 2803 516 2849 et
549 2787 738 2849 tertia
771 2788 956 2851 claffo
997 2809 1113 2849 suo
1139 2786 1344 2849 adbuc
1364 2788 1512 2849 loco
1547 2786 2030 2849 setenentibuS.
2061 2783 2254 2883 Quod

292 2869 406 2931 nbi
437 2868 801 2953 perfectum
832 2870 960 2931 effe
982 2868 1180 2942 vidit,
1227 2868 1443 2930 subito
1474 2868 1580 2930 dat
1610 2890 1647 2931 e
1675 2867 1822 2929 navi
1847 2888 1956 2928 sua
1978 2868 2250 2951 signum,

291 2965 362 3012 ut
399 2950 737 3014 conversis
761 2950 982 3047 proris
1011 2970 1297 3033 ,pugnam
1320 2969 1461 3011 cum
1490 2948 1973 3034 insequentibus
2012 2949 2251 3011 ineant.

287 3033 591 3094 Certatur
629 3031 797 3091 ambi
843 3052 928 3093 uo
961 3034 1169 3093 Marte
1193 3072 1209 3102 ,
1251 3030 1496 3091 Poenis
1540 3030 1882 3093 velocitate
1915 3043 1979 3091 et
2016 3030 2251 3113 peritia

285 3114 580 3175 nauticae
623 3113 762 3184 rei,
871 3112 1116 3173 omanis
1155 3110 1394 3172 robore
1430 3112 1706 3174 militum
1736 3112 1929 3194 longe
1955 3132 2029 3171 su
2078 3112 2251 3172 erio·
2329 3150 2544 3203 mnu„

288 3193 493 3257 ribus.
584 3197 802 3278 ltaque
853 3192 1169 3278 quamdiu
1209 3192 1466 3253 navium
1506 3195 1762 3277 potius,
1865 3213 2005 3252 uam
2090 3192 2243 3251 omi·
2276 3218 2515 3272 pum
2538 3237 2583 3270 e-

287 3293 442 3337 num
465 3321 481 3349 ‚
527 3295 738 3359 pugna
779 3276 905 3337 ess'e
958 3275 1207 3359 potuit,
1272 3274 1515 3336 Punica
1552 3294 1660 3335 res
1686 3274 1811 3334 hau
1885 3271 2080 3333 dubie
2116 3292 2248 3331 me·
2278 3288 2513 3341 anafum

286 3358 444 3421 liori
480 3360 628 3419 loco
672 3371 829 3419 erat.
906 3357 1021 3419 aed
1058 3356 1312 3441 quoties
1357 3374 1701 3417 corvorum
1733 3352 1900 3434 jactu
1932 3352 2251 3435 colligatis

283 3438 556 3501 navibus
604 3439 896 3500 cominus
933 3438 1207 3523 pugnari
1247 3450 1549 3531 coeperat
1576 3480 1591 3509 ,
1654 3454 1857 3520 penes
1898 3436 2253 3495 Romanum

287 3522 428 3591 era‘t
459 3534 636 3583 certa
676 3522 990 3598 victoria3
1071 3538 1264 3602 quum
1306 3518 1497 3579 miles
1543 3538 1728 3577 manu
1775 3513 2021 3588 fidens,
2076 3528 2143 3577 et
2186 3515 2251 3575 in

289 3602 637 3689 conspectu
661 3601 991 3663 consulum
1025 3620 1316 3685 pugnans
1336 3642 1352 3672 ,
1398 3597 1800 3683 infig‘nitiore
1826 3616 2025 3680 opera
2051 3597 2254 3659 virtu-

284 3696 420 3747 tem
451 3704 628 3747 suam
665 3684 771 3745 his
807 3681 1168 3767 adprobare
1206 3680 1649 3743 contenderet.
1981 3706 1991 3713 ·

410 3792 544 3873 V11.
589 3792 758 3852 Dum
807 3789 874 3851 in
925 3811 1000 3853 ea
1042 3802 1224 3873 parte
1266 3789 1362 3849 sic
1410 3784 1788 3861 dimicatur,
1831 3784 2064 3843 Hanno
2107 3801 2250 3843 cum
2309 3806 2500 3861 Hm„

289 3868 518 3936 dextro
557 3881 796 3946 cornu‘,
865 3871 1038 3957 quod
1082 3865 1390 3933 hactenus
1431 3868 1759 3929 immotum
1797 3864 2137 3935 babuerat}
2181 3862 2244 3923 in
2276 3878 2501 3928 triarios

285 3953 668 4017 triariorum
701 3974 898 4015 naves
931 3954 1260 4025 invectus,
1305 3974 1339 4013 a
1373 3948 1533 4011 mari
1567 3949 1727 4009 feeit
1762 3946 2088 4030 impetum,
2118 3965 2245 4003 ma·
2276 3957 2450 4015 urget.

295 4054 583 4119 gnaaque
624 4036 691 4095 in
729 4030 1039 4117 angustias
1076 4030 1354 4096 redactis
1397 4028 1727 4093 molestum
1748 4027 2025 4109 ,omnino
2051 4044 2248 4107 nego-

334 4180 626 4258 ‚cap.1v.
663 4184 941 4239 Zonaras.
1010 4136 1253 4255 Cap-V.
1289 4178 1496 4249 Polyb.
1527 4197 1577 4245 ι,
1594 4196 1681 4245 ²¹7·
