2859 4717
668 302 753 364 m
791 269 1089 364 Loccis
1129 302 1293 361 mn.
1330 298 1501 365 xv1.
1543 295 1766 363 mvn.
2069 296 2181 369 ..13

1148 432 2180 449 *m-——o

244 507 327 569 ad
348 528 535 569 unum
562 507 712 567 inde
746 504 1017 575 milliare
1039 502 1232 565 castra
1259 506 1496 566 locant.
1537 505 1738 565 Erant
1767 519 1898 565 tum
1925 503 1990 563 in
2011 503 2185 585 agria
2241 502 2518 571 U..c.491.

244 604 529 649 maturae
558 588 815 670 fruges,
876 601 941 647 et
966 628 983 657 ,
1118 586 1177 645 ia
1222 584 1584 665 diuturnam
1623 584 1770 647 fore
1799 582 2190 645 obsidionem

244 671 613 755 apparebat,
657 670 891 729 milites
926 666 1017 729 stu
1066 667 1131 726 io
1153 666 1520 729 demetendi
1545 666 2024 749 colligendique
2051 664 2188 725 sru-

244 751 449 811 menti
482 751 741 833 longius
770 763 837 811 et
868 749 1211 821 incautius,
1258 768 1444 831 quam
1465 746 1640 811 hoste
1665 762 1790 811 tam
1816 747 2191 829 propinquo

246 852 369 915 par
402 832 586 904 ess‘et,
653 826 1061 915 vagabantur.
1142 832 1371 912 Neque
1398 827 1956 911 Carthaginienses
1988 826 2074 887 im
2165 862 2193 877 ·

248 914 378 973 rite
410 925 519 973 aut
548 914 839 994 segniter
860 909 1183 973 ocealione
1202 911 1302 985 usi
1319 953 1335 985 ,
1376 932 1667 995 magnam
1696 910 2045 971 intulilsent
2063 928 2100 968 c
2127 930 2196 968 a·

250 992 421 1063 dem,
464 993 591 1054 nisi
620 991 1009 1054 tantumdem
1044 991 1283 1053 virtute
1326 990 1733 1055 restituiss'ent
1764 988 2036 1051 Romani
2071 990 2194 1051 mi·
2262 994 2270 1002 ‘

250 1073 439 1145 lites,
488 1088 791 1157 quantum
824 1073 1217 1167 negligentia
1249 1073 1692 1169 perdiderant.
1743 1071 1980 1217 ¹ffiuum
2021 1072 2198 1133 enim

248 1154 750 1217 frumentatores
806 1154 1085 1217 subitum
1128 1152 1323 1217 horus
1358 1156 1670 1237 impetum
1710 1176 1740 1215 a
1833 1154 2019 1214 inere
2063 1172 2198 1213 non

297 1236 596 1300 otuill'ent
616 1276 632 1308 ,
676 1236 885 1298 Poeni
922 1235 999 1297 ad
1033 1236 1167 1319 ipsa
1200 1234 1393 1299 castra
1420 1239 1702 1298 Romana
1730 1248 2196 1321 perrexerunt:
2247 1233 2252 1241 ’

244 1256 585 1401 Hivil'oque
620 1317 873 1401 agmine
909 1316 1163 1401 quidam
1196 1319 1429 1381 vallum
1463 1316 1835 1379 rescindere
1865 1314 2194 1401 parabant,

235 1398 359 1539 {lii
396 1418 540 1459 cum
574 1396 840 1460 statione
885 1420 1008 1483 pro
1046 1395 1262 1460 castris
1301 1400 1507 1459 locata
1536 1400 1862 1483 proelium
1895 1396 2194 1461 consere-

294 1492 422 1539 ant.

375 1581 479 1644 LI.
527 1586 707 1645 Tunc
738 1584 976 1665 igitur,
1023 1583 1191 1643 sieut
1225 1582 1379 1643 alias
1425 1602 1658 1665 saepe,
1701 1583 1972 1645 militiae
2012 1586 2196 1667 leges
2273 1596 2537 1669 Discipli-

251 1676 321 1723 et
352 1664 767 1757 incorruptua
792 1663 1174 1746 disciplinae
1202 1663 1407 1745 rigor,
1449 1680 1592 1721 rem
1621 1663 1964 1743 ancipitem
1981 1679 2045 1726 et
2063 1666 2196 1724 exi·
2223 1680 2296 1717 na
2337 1668 2536 1720 Roma-

250 1744 347 1805 tio
374 1748 646 1805 Romam
686 1742 1011 1805 exercitus
1042 1742 1323 1803 casuram
1342 1742 1586 1804 erexit.
1631 1742 1824 1838 Quod
1843 1745 2016 1803 enim
2045 1764 2198 1837 qua-
2259 1750 2330 1784 na
2355 1748 2538 1817 ’ἔνθα

256 1846 531 1909 cumque
572 1826 655 1885 de
700 1825 901 1887 cauffa
951 1820 1283 1885 stationem
1328 1821 1674 1885 deseruiss'e
1722 1824 1992 1906 capitale
2035 1824 2200 1908 apud
2226 1815 2535 1859 ‘³''⁶“'¹”'·

252 1908 577 1968 Romanos
611 1904 734 1977 est,
780 1904 1195 1967 excubitores
1220 1948 1236 1980 ,
1280 1905 1444 1967 nihil
1481 1904 1548 1965 in
1581 1904 1734 1988 fuga
1769 1906 1912 1989 spei
1943 1907 2202 1991 reposi-

257 1999 389 2048 tum
420 1989 547 2049 effe
582 1989 813 2071 gnari,
873 2007 1060 2069 quam
1108 2008 1249 2047 uam
1288 2006 1558 2049 numero
1587 1986 1780 2081 longe
1815 2008 2227 2071 superarem,

259 2081 397 2141 tur,
442 2090 719 2154 pugnam
757 2066 1079 2153 praesenti
1131 2069 1279 2129 unis
1312 2067 1540 2128 animis
1577 2064 1951 2139 sustinuere,
1981 2070 2201 2131 multis

260 2150 519 2231 quidem
552 2172 817 2211 suorum
858 2148 1134 2223 amima,
1179 2150 1296 2211 sed
1330 2148 1602 2211 hostium
1645 2148 2013 2213 intersectis
2055 2152 2200 2235 plu·
2289 2166 2294 2169 “

260 2230 481 2297 ribus:
528 2230 733 2293 donec
764 2230 997 2297 armari
1024 2231 1327 2292 cohortes
1348 2229 1916 2313 laborantibusque
1938 2252 2200 2293 succur-

260 2330 415 2385 rere
444 2326 811 2395 potuerunt.
853 2312 941 2373 ita
969 2324 1035 2371 et
1063 2310 1171 2372 hic
1205 2310 1377 2395 pulsi
1412 2309 1646 2385 hostes,
1695 2324 1782 2383 et,
1914 2312 1939 2372 i
1967 2313 2202 2375 vallum
2293 2336 2535 2395 merfa

261 2389 387 2470 jam
416 2413 622 2476 prope
669 2406 1013 2477 ceperant,
1059 2392 1503 2457 circumventi.
1579 2412 1804 2475 magna
1825 2332 1926 2453 Ὲί
1971 2393 2203 2454 caedes
2226 2421 2384 2474 penes
2436 2408 2534 2463 Ra.

262 2472 408 2534 fuit.
464 2486 717 2549 ceteros
742 2474 820 2535 ad
850 2474 1074 2535 urbem
1096 2494 1301 2569 usque
1329 2472 1601 2535 Romani
1631 2474 2006 2556 persequuti
2036 2486 2202 2536 sunt.
2232 2490 2435 2531 nanos.

262 2558 359 2615 Ea
396 2576 503 2617 res
538 2556 603 2614 in
636 2554 955 2639 posterum
987 2568 1054 2616 et
1090 2554 1456 2645 timidiores
1484 2554 1564 2615 ad
1593 2553 2055 2635 erumpendum
2085 2552 2204 2615 bo-

262 2632 405 2710 stes,
446 2650 511 2697 et
527 2638 848 2698 cautiores
864 2639 1187 2697 Romanos
1210 2637 1285 2695 ad
1324 2633 1840 2695 frumentandum
1872 2633 2050 2697 fecit.
2104 2638 2207 2697 In-

262 2718 347 2778 de
384 2739 575 2801 quum
610 2720 877 2801 segnior
904 2718 1029 2777 effe
1066 2714 1372 2799 coepiss'et
1410 2715 1740 2775 contentio
1761 2757 1777 2787 ,
1821 2715 2054 2787 rarius,
2085 2736 2208 2779 nec

262 2798 501 2858 nisi-ad
548 2799 713 2858 levia
742 2797 1092 2858 certamina
1138 2794 1630 2856 excurrentibus
1663 2796 1942 2866 PoeniS,
2002 2797 2208 2863 dividi

267 2882 488 2963 copias
508 2878 770 2959 placuit,
798 2890 863 2936 et
880 2876 1121 2936 duabus
1143 2868 1327 2937 urbia
1400 2874 1666 2950 artibus,
1693 2876 1843 2937 hinc
1864 2876 1943 2937 ad
1959 2878 2207 2941 Aescu-

266 2958 428 3041 lapii
464 2956 717 3030 fanum,
758 2954 909 3017 inde
942 2957 1045 3017 via
1070 2999 1086 3029 ‚
1136 2976 1298 3040 quae
1404 2956 1716 3019 eracleam
1755 2956 1969 3033 ducit,
2014 2958 2210 3027 castra

268 3036 472 3101 statui.
554 3036 715 3099 haec
752 3036 935 3099 soffia
982 3038 1305 3122 utrimque
1359 3040 1757 3122 permunita:
1818 3031 1940 3125 q'ua
1982 3042 2210 3103 urbem

270 3118 675 3204 spectabant,
720 3118 1049 3181 adversum
1082 3120 1492 3203 eruptiones3
1560 3120 1726 3183 soris
1750 3165 1766 3195 ,
1817 3144 1944 3206 quo
1969 3124 2208 3184 tutiora

264 3214 493 3263 contra
518 3200 847 3262 invasuros
882 3202 1077 3263 ess'ent
1099 3244 1115 3274 ‚
1161 3200 1413 3286 iterque
1439 3200 1872 3265 subsidiorum
1895 3205 1964 3263 in
1982 3202 2211 3263 urbem

265 3281 882 3345 introducendorum
913 3281 1467 3367 praecluderetur.
1533 3283 1816 3345 medium
1863 3284 2035 3345 inter
2080 3280 2209 3343 duo

268 3362 463 3425 castra
512 3359 787 3507 spatium
834 3363 1282 3449 frequentibus
1327 3364 1679 3449 praesidiis
1707 3362 2208 3447 stationibusque

268 3460 519 3529 acptum
557 3467 591 3507 e
647 3490 661 3505 .

394 3553 525 3627 [εΗ.
582 3558 653 3615 In
688 3552 790 3613 his
832 3552 1125 3614 omnibus
1158 3551 1425 3613 multum
1467 3549 1844 3631 juvabantur
1875 3569 2076 3634 opera
2103 3550 2208 3615 si-
2234 3588 2302 3644 εἰ
2365 3592 2390 3644 5
2530 3616 2538 3625 ,

270 3632 599 3709 culorum,
644 3634 757 3718 qui
784 3652 1014 3695 recens
1044 3634 1109 3693 in
1146 3630 1340 3693 fidem
1370 3646 1716 3695 venerant:
1783 3652 2056 3714 quorum
2089 3631 2206 3693 'am
2221 3608 2542 3731 5:232'2

272 3732 397 3773 una
418 3732 561 3774 cum
592 3716 891 3777 Romanis
916 3729 1167 3775 centum
1188 3713 1385 3775 millia
1406 3713 1570 3775 facta
1591 3728 1795 3774 erant.
1848 3712 1950 3773 Ab
1971 3714 2054 3776 iis
2103 3735 2207 3776 em
2233 3726 2515 3783 Romanos.

270 3812 659 3871 commeatus
686 3796 1021 3857 Erbess'um
1050 3814 1255 3878 usque
1276 3794 1829 3856 subvehebantur:
1874 3792 1952 3859 ab
1987 3814 2068 3856 eo
2093 3794 2206 3857 de-

272 3874 501 3971 inceps
533 3876 775 3959 oppido
808 3878 841 3957 (
862 3897 991 3937 non
1020 3876 1238 3939 aberat
1267 3890 1478 3938 autem
1500 3877 1740 3959 longe)
1781 3874 1804 3935 i
1853 3876 1908 3935 si
1935 3876 2206 3937 Romani

276 3976 388 4026 sua
414 3978 485 4017 in
527 3956 721 4019 castra
754 3957 1193 4041 deportabant.
1256 3960 1351 4031 ita¹
1383 3956 1610 4029 fiebat,
1671 3970 1742 4017 ut
1779 3978 1814 4015 a
1865 3954 2022 4020 'atim
2053 3956 2210 4019 ess'et

274 4058 499 4123 magna
542 4058 763 4101 rerum
810 4039 1297 4109 neceffariarum
1340 4040 1550 4127 copia.
1648 4039 1793 4099 Hoc
1831 4038 1900 4099 in
1941 4034 2098 4099 statu
2126 4036 2205 4099 ad

344 4186 625 4260 Capsu.
664 4186 913 4245 Diodor.
946 4189 1145 4261 Eclog.
1163 4188 1203 4243 1.
1226 4191 1312 4247 23.
1348 4187 1552 4258 Polyb.

2258 1934 2469 2008 Pugna.

1392 4524 1413 4559 Ι
