2859 4717
308 510 379 568 U.
395 527 446 566 c.
463 511 586 571 503.

646 313 769 380 ιιι,
810 301 1370 368 Fnssmsnmm
1399 287 2223 368 suprmunnronuu
2244 259 2395 365 Lis.
2417 303 2529 363 1x.

651 529 796 572 cum
824 508 1096 571 delectis
1133 526 1398 570 suorum
1427 505 1803 592 tempestive
1828 527 2197 582 accurrens,
2240 508 2435 572 multa
2456 525 2602 570 eum

547 659 558 676 ⁸
651 590 848 655 caede
886 603 1184 652 tenentes
1217 589 1430 652 locum
1457 593 1783 680 Romanos
1816 588 2070 668 rejecit.

344 1275 606 1355 mysac.

313 1353 429 1396 lan!
449 1359 629 1396 erum-

315 1423 474 1484 pum.

669 719 678 731 “
771 697 913 759 XV.
959 695 1114 760 Alia*
1147 692 1384 757 deinde
1417 696 1621 776 major
1642 697 1903 760 fortuna
1941 703 2122 780 spe‘m
2156 693 2427 758 obsess’is
2458 693 2599 758 uni-

647 777 870 841 versae
913 776 1228 840 victoriae
1263 775 1467 838 dedit.
1514 779 1715 840 Forte
1739 778 2085 840 ventorum
2100 777 2333 860 ingens
2361 775 2462 836 vis
2492 795 2600 835 ex-

649 873 788 920 orta
822 857 1075 931 fuerat‚'
1139 857 1301 919 adeo
1353 859 1558 922 veluti
1608 859 1750 922 data
1780 858 1992 942 'opera
2036 863 2468 922 Romanorum
2502 856 2600 916 in·
2670 921 2679 934 ,

647 930 956 1022 cumbens
993 938 1327 1011 machinis,
1372 953 1443 1002 ut
1480 954 1546 1003 et
1575 941 1797 1004 vineas
1822 953 2139 1025 quateret,
2184 953 2251 1006 et
2272 937 2437 1024 ipsas
2468 951 2601 998 tur-

649 1043 757 1086 res
790 1021 860 1086 in
889 1020 1207 1104 capitibus
1239 1040 1455 1084 earum
1476 1018 1740 1084 structas
1770 1022 2191 1084 convelleret.
2236 1027 2378 1084 Non
2412 1019 2604 1080 sesel-

651 1103 729 1166 lit
760 1123 835 1166 ea
862 1124 970 1166 res
1003 1099 1386 1186 oppidanos,
1427 1103 1846 1188 Deorumque
1881 1123 2149 1164 munere
2173 1101 2445 1169 oblatam
2477 1099 2604 1162 sibi
2656 1103 2659 1111 '

653 1184 1205 1270 opportunitatem
1252 1181 1597 1249 credidere
1619 1227 1636 1260 ,
1701 1206 1825 1281 qua
1857 1184 2054 1246 toties
2085 1181 2315 1248 frustra
2342 1181 2604 1244 tentatis

655 1264 966 1349 operibus
1023 1265 1239 1348 ignem
1287 1263 1653 1343 injicerent.
1727 1280 1942 1349 itaque
1990 1265 2316 1350 tripartito
2348 1262 2603 1345 agmine

656 1361 1000 1431 erumpunt
1023 1389 1039 1418 ‚
1083 1345 1283 1418 faces,
1332 1359 1398 1408 et
1429 1367 1592 1431 quae
1620 1347 1851 1409 alendo
1886 1346 2023 1430 igni
2050 1358 2449 1429 paraverant,
2482 1343 2603 1403 im-

652 1427 933 1489 mittunt.
983 1441 1248 1510 eratque
1327 1447 1402 1487 er
1440 1449 1510 1490 se
1544 1428 1757 1492 facilis
1790 1427 1869 1490 ad
1908 1426 2393 1510 concipiendam
2424 1422 2603 1488 fiam-

644 1529 822 1589 'mam
853 1509 1118 1570 materia
1155 1525 1292 1569 mac
1342 1508 1587 1572 inarum
1608 1551 1624 1581 ‚
1690 1529 1875 1594 quam
1913 1507 2025 1570 diu
2052 1522 2196 1570 ante
2232 1507 2472 1570 caesam
2503 1505 2607 1568 sol

591 1622 594 1625 ·
652 1602 722 1652 et
753 1587 955 1652 aestus
989 1587 1413 1651 arefecerant.
1471 1593 1697 1674 Neque
1729 1591 2019 1674 segniter
2048 1589 2127 1652 ad
2156 1609 2347 1673 opem
2384 1587 2603 1650 feren-

593 1694 598 1702 ·
651 1667 795 1732 dam
821 1683 1286 1734 concurrerant
1317 1673 1610 1734 Romani.
1686 1671 1801 1737 sed
1838 1673 2045 1758 impar
2086 1685 2410 1734 certamen
2442 1680 2603 1738 erat,

654 1771 848 1834 quum
877 1751 1025 1824 alii,
1071 1750 1381 1814 machinis
1415 1751 1537 1833 jam
1568 1753 1857 1817 incensis
1881 1795 1896 1825 ‚
1953 1753 2031 1813 ad
2064 1753 2195 1814 tela
2225 1749 2467 1816 certius
2496 1769 2604 1810 va·
2634 1754 2640 1761 '

652 1831 980 1916 lidiusque
1032 1831 1437 1912 conjicienda
1474 1835 1617 1897 luce
1654 1835 1903 1918 ignium
1952 1847 2018 1896 et
2058 1830 2447 1918 tempestatis
2484 1830 2604 1890 im-

703 1927 810 1976 etu
835 1913 1245 1994 juvarentur:
1289 1915 1435 1977 aliis
1471 1915 1639 1976 haud
1675 1916 1885 1979 minus
1916 1915 1993 1974 ab
2021 1915 2125 1977 his
2154 1914 2379 1976 causs'is
2404 1913 2487 1972 im
2537 1932 2609 1973 e-

651 1937 930 2074 {inuenti
984 1993 1390 2078 periculique
1411 2037 1428 2065 ‚
1504 2018 1688 2079 quam
1744 1995 1822 2058 ab
1878 1992 2087 2057 hostili
2130 1995 2351 2068 ferro,
2428 1935 2583 2054 efflet

555 2097 566 2111 ·-
703 2075 898 2156 uippe
945 2073 1132 2138 ssatus
1171 2073 1522 2136 vehemens
1568 2091 1633 2137 et
1664 2075 1970 2140 Romanis
2055 2075 2273 2137 rorsus
2304 2075 2607 2136 adversus

655 2096 898 2220 ssumum
921 2197 936 2222 ,
973 2154 1251 2216 favillam
1275 2197 1292 2228 ‚
1335 2153 1618 2219 flammas
1651 2155 1717 2216 in
1760 2178 1873 2218 ora
1904 2174 2023 2218 ocu
2054 2171 2255 2240 osque
2276 2156 2611 2219 homi-num

607 2251 612 2257 ·
656 2235 1120 2322 provolvebant,
1165 2235 1290 2297 tela
1339 2258 1420 2300 ue
1458 2235 1535 2299 ab
1568 2235 1851 2301 hostibus
1891 2239 2063 2301 miffa
2100 2237 2326 2316 majori
2358 2237 2608 2298 violen-

657 2318 746 2380 tia
787 2315 1125 2379 deferebat
1162 2317 1228 2380 in
1264 2337 1304 2380 o
1352 2319 1614 2392 noxios:
1660 2341 1853 2404 quum
1876 2320 2149 2380 ‘interim
2176 2323 2613 2382 Romanorum

585 2425 594 2430 ’
660 2399 830 2460 ictus
878 2398 1116 2460 incerti
1160 2413 1226 2461 et
1260 2400 1535 2463 invalidi
1568 2421 1687 2464 nec
1724 2400 1922 2494 dirigi
1952 2422 2073 2486 per
2103 2401 2423 2483 calignem
2455 2419 2608 2486 pos-

360 2469 635 2574 oim-„Rffi
666 2494 842 2552 sent,
891 2494 956 2544 ct
998 2479 1402 2546 vehementia
1433 2480 1722 2546 reflantis
1752 2497 1929 2546 venti
1970 2481 2446 2564 frangerentur.
2518 2484 2610 2542 lta

325 2589 603 2624 manorum
661 2561 898 2626 sautum
919 2602 935 2633 ‚
965 2575 1035 2624 ut
1072 2581 1295 2624 omnes
1325 2565 1758 2628 Romanorum
1778 2564 2025 2636 vineae,
2066 2563 2411 2651 petrariae,
2442 2561 2611 2622 arie-

323 2641 624 2694 t'tmndut·
665 2656 800 2713 tes»,
865 2655 932 2704 et
971 2641 1284 2726 quidquid
1323 2664 1595 2728 operum
1630 2646 1734 2706 vel
1775 2638 2041 2728 agendis
2093 2642 2443 2714 cuniculis,
2500 2643 2609 2704 vel

381 3713 607 3765 Senator

325 3797 498 3850 rerem
517 3796 638 3831 sua.

327 3850 452 3903 dens
479 3851 536 3902 in
551 3865 636 3910 cu.

327 3918 412 3968 rr'a
445 3919 577 3970 oeci.

326 3987 496 4040 ditur.

662 2722 1071 2785 verberando
1101 2745 1286 2790 muro
1315 2741 1608 2814 paratum
1633 2726 1867 2801 fuerat,
1910 2725 2143 2792 eodem
2167 2723 2469 2806 incendio
2497 2723 2607 2786 ab·

666 2817 1092 2868 sumerentur.

783 2909 956 2972 XVI.
1027 2914 1192 2974 Tum
1225 2931 1388 2973 vero
1422 2933 1575 2996 spes
1614 2914 1823 2976 omnis
1900 2914 2153 2976 otiandi
2187 2932 2309 3000 per
2336 2911 2467 2974 vim
2496 2909 2609 2974 Li-

665 2988 872 3070 lybaei
909 2991 1184 3054 excidit:
1249 2993 1633 3078 desertaque
1674 2996 1819 3056 obsi
1868 3016 1932 3058 ιο
1985 2995 2195 3067 soret,
2256 2993 2333 3056 ni
2374 2993 2608 3065 Hiero,

664 3091 888 3154 magna
916 3072 1152 3137 iterum
1182 3073 1489 3138 frumenti
1514 3076 1699 3160 copia
1732 3076 2049 3146 submiss'a‚
2098 3077 2189 3138 uti
2218 3089 2609 3143 maneretur.

664 3151 976 3217 eviciss‘et.
1039 3155 1130 3215 Ita
1163 3153 1387 3219 omiffo
1434 3157 1847 3243 oppugnandi
1890 3157 2201 3230 consilio,
2263 3153 2611 3236 castrisque

667 3255 747 3297 ex
787 3235 982 3320 omni·
1027 3249 1164 3297 arte
1197 3238 1638 3310 communitiS‚
1684 3240 1963 3321 tempori
1997 3253 2064 3300 et
2098 3239 2269 3302 calui
2296 3259 2429 3299 rem
2461 3257 2612 3320 pei--

663 3315 924 3378 mittere
1007 3332 1416 3381 eci-everunt.
1489 3319 1765 3384 Obsessi
1790 3339 2069 3406 quoque,
2114 3319 2359 3382 refecta
2395 3337 2611 3381 muro-

663 3417 806 3459 rum
851 3410 1034 3480 parte
1057 3439 1074 3470 ‚
1133 3420 1294 3483 quae
1333 3398 1698 3473 ceciderat,
1764 3401 2040 3482 majores
2082 3402 2149 3461 in
2186 3399 2504 3484 posterum
2536 3397 2618 3461 ad

663 3477 1062 3540 tolerandam
1093 3479 1499 3544 obsidionem
1544 3483 1789 3558 animos
1828 3482 2209 3545 hahuerunt.
2286 3483 2463 3546 Haec
2503 3499 2614 3542 ne-

663 3577 978 3643 quaquam
1017 3559 1203 3624 laetis
1233 3577 1340 3624 aut
1368 3564 1619 3623 securis
1652 3563 1879 3628 animis
1924 3566 2167 3628 Romae
2208 3563 2455 3625 audita:
2502 3582 2614 3622 ne-

667 3657 792 3722 que
823 3653 1034 3706 tamen
1075 3643 1517 3714 dubitabatur,
1564 3645 1721 3729 quin
1760 3646 1935 3709 bell'o
1970 3659 2230 3731 accepta
2262 3645 2611 3709 detrimen-

658 3731 727 3780 -ta
767 3719 942 3784 bello
1003 3723 1342 3788 sarcienda
1391 3725 1637 3790 effentz
1726 3729 2019 3814 adeoque
2068 3727 2229 3790 baec
2292 3726 2616 3789 'sententia

669 3803 926 3894 penitus
1003 3803 1197 3868 infixa
1259 3807 1587 3872 mentibus
1656 3808 1781 3872 fuit
1816 3854 1832 3884 ‚
1912 3822 1984 3872 ut
2037 3809 2293 3895 quidam
2356 3821 2620 3870 senator

666 3902 732 3946 ιιι
766 3883 892 3961 ipsa
932 3886 1110 3947 curia
1159 3887 1408 3951 occisus
1440 3890 1567 3953 effe
1608 3906 2002 3954 memoretur
2026 3933 2043 3962 ‚
2092 3891 2265 3974 quod
2302 3889 2496 3952 verba
2534 3887 2615 3948 de

663 3983 822 4049 pace
841 3965 1106 4032 seciss‘et.
1165 3969 1382 4054 Magni
1411 3969 1649 4034 deinde
1678 3981 2015 4058 apparatus
2042 3973 2219 4044 sacti,
2255 3973 2429 4035 inter
2450 3989 2618 4054 quos

731 4112 878 4186 Cap.
898 4117 1024 4172 XV.
1068 4116 1268 4188 Polyb.
1293 4119 1446 4186 1,48.
1466 4118 1723 4180 Diodor.
1792 4120 2117 4198 cap.xvl.
2138 4119 2612 4196 Polyb.Diodor.

661 4183 867 4252 Polyb.
889 4185 1165 4242 Zonaras.
1189 4187 1390 4262 Polyb.
