2859 4717
683 294 774 357 m
811 290 1106 356 Locum
1145 285 1562 371 Lm.xv111.
1606 288 1829 355 mvn.
2102 285 2221 353 1⁸5

1021 426 1164 451 σ-ῄι...

262 501 482 585 virum
521 518 920 582 nequaquam
959 494 1752 593 decipientibus-facilem,
1788 494 2220 590 animadversa
2274 492 2553 564 U·0·498·

262 574 1222 746 {Jiiiffigssedilffiffffigtgffeaflffl
1247 598 1571 663 navigium
1594 578 2051 651 conmendare,
2072 599 2219 641 ere-

395 767 626 827 XXXI.
669 767 812 827 Non
857 762 1129 825 minoris
1163 761 1477 847 perfidiae
1509 806 1526 837 ,
1594 764 1713 826 sed
1754 765 1841 826 ob
1882 786 2221 827 numerum
2298 788 2535 856 perfidi«

265 860 756 931 peremptorum
795 846 1196 923 crudelitatis
1237 844 1390 904 odio
1417 849 1752 935 superior,
1796 846 2029 907 iisdem
2058 861 2219 908 tem·
2244 870 2295 911 u
2324 858 2553 911 crudete·-

265 927 548 1009 poribus
579 940 949 1021 perpetrata
971 946 1079 986 res
1101 924 1397 986 traditur.
1440 926 1881 1003 Mercenarios
1912 930 2104 999 enim,
2135 928 2219 989 ob
2244 938 2338 979 *θ’
2395 924 2553 979 Fuf-

261 1021 562 1069 navatam
595 1008 942 1088 insigniter
992 1026 1254 1088 operam
1293 1008 1575 1089 praemia
1616 1008 1831 1090 paullo
1873 1010 2217 1071 tumultuo·
2244 1008 2330 1048 θ’·

269 1088 416 1149 sius
439 1085 892 1168 efflagitantes,
931 1088 1000 1147 in
1033 1107 1226 1149 naves
1253 1086 1711 1182 imposuerunt,
1758 1090 1923 1150 facta
1960 1110 2075 1173 spe
2092 1089 2221 1151 alio

267 1166 552 1250 quodam
583 1168 728 1229 loco
762 1168 1112 1239 tributumi
1162 1168 1253 1230 sis
1273 1166 1396 1237 iri,
1443 1167 1615 1252 quod
1696 1184 1969 1231 eterent.
2031 1170 2149 1234 sed
2184 1192 2221 1231 a

261 1248 626 1333 praefectis
660 1248 945 1320 navium,
1007 1248 1110 1331 qu‘
1165 1271 1240 1310 us
1275 1248 1344 1309 id
1375 1250 1623 1333 negotii
1650 1194 1865 1312 gamm
1893 1253 2055 1313 clam
2076 1252 2219 1313 sue·

265 1343 400 1401 rat,
444 1331 512 1391 in
541 1326 790 1390 deserta
827 1328 1096 1413 quadam
1113 1326 1312 1391 insula
1336 1332 1614 1414 expositi
1634 1332 2001 1416 relictique,
2024 1354 2221 1417 quum

265 1410 484 1470 omnis
513 1408 818 1483 humanae
841 1410 986 1494 opis
1017 1431 1261 1493 egenos
1293 1412 1435 1473 sine
1461 1412 1781 1475 alimentis
1802 1456 1819 1486 ‚
1866 1414 2009 1476 sine
2040 1414 2219 1477 navi-

269 1488 440 1562 bus,
482 1510 562 1551 ne
613 1510 695 1551 ue
720 1512 982 1553 manere
1021 1492 1248 1565 semea,
1297 1512 1509 1577 neque
1538 1493 1718 1555 abire
1750 1495 1893 1577 pela
1940 1516 2016 1557 us
2048 1496 2222 1558 sine·

264 1584 418 1643 ret,
475 1570 584 1632 foe
634 1570 1176 1656 o-horrendoque
1220 1594 1464 1657 genere
1506 1574 1733 1635 mortis
1774 1588 1913 1637 exta
1958 1588 2215 1639 uerunt.

267 1650 470 1734 Apud
503 1652 664 1713 alios
699 1666 998 1714 auctores
1032 1652 1282 1715 facinus
1305 1654 1433 1715 hoc
1460 1654 1539 1715 ad
1562 1656 1899 1738 superiora
1924 1669 2243 1737 tempora.
2284 1660 2555 1735 Dfffe‘nsus

265 1731 524 1795 referri
549 1733 852 1817 reperio,
921 1734 1154 1817 quibus
1194 1734 1566 1815 Syracusani
1601 1735 1841 1797 bellum
1874 1754 2015 1797 cum
2046 1740 2215 1797 Poe·
2242 1751 2539 1798 auctorem.

265 1811 375 1874 nis
398 1813 710 1877 habuere:
751 1834 988 1877 nomen
1037 1835 1115 1876 ue
1145 1818 1441 1878 mansiss'e
1470 1816 1693 1877 infami
1716 1816 2027 1903 deinceps
2049 1818 2217 1879 insu-

265 1893 396 1967 lae,
426 1909 496 1957 ut
521 1894 833 1959 Osteodes
873 1896 966 1973 (O
1021 1898 1258 1958 uariam
1292 1898 1612 1981 poss'emus
1647 1896 1916 1977 dicere)
1950 1919 2217 1960 vocare·
2294 1900 2523 1967 osteodes

269 1989 402 2035 tur.
450 1997 522 2036 ea
549 1976 687 2060 post
713 1977 1010 2059 Liparam
1033 2020 1048 2049 ‚
1094 1979 1496 2041 occidentem
1516 1980 1761 2051 versus,
1806 1979 1871 2039 in
1902 1978 2031 2040 alto
2058 1982 2219 2041 mari
2244 1972 2449 2025 ‘'⁸³⁸⁴‘st
2548 2032 2557 2041 .

268 2057 396 2117 sita
425 2055 530 2119 est.
597 2058 777 2145 Quae
804 2058 992 2131 sacta,
1048 2060 1645 2143 quomodocumque
1672 2074 1779 2121 aut
1816 2078 2219 2144 quocumque

265 2126 567 2227 tem'pore
599 2138 958 2212 evenerint,
1003 2160 1038 2199 a
1065 2152 1281 2203 cetera
1309 2143 1685 2203 Poenorum
1715 2140 2103 2203 immanitate
2120 2142 2219 2203 ni·

267 2217 365 2281 bil
397 2219 751 2297 abhorrens
779 2219 1036 2282 habent.

390 2328 649 2388 XXXH.
692 2331 918 2409 Neque
952 2326 1153 2409 igitur
1187 2326 1543 2389 mirandum
1575 2324 1697 2400 est,
1759 2326 1868 2410 qui
1902 2324 1965 2387 in
2003 2327 2218 2388 socios

269 2408 730 2491 adjutoresque
761 2428 910 2469 suos
935 2406 1061 2469 boc
1089 2409 1299 2469 animo
1330 2408 1625 2481 fuerunt,
1671 2408 1727 2467 si
1753 2407 2085 2467 adversum
2102 2406 2225 2469 ho-

271 2490 397 2553 stes
429 2488 628 2550 iidem
663 2509 734 2551 se
763 2489 1086 2573 geffcrunt
1116 2490 1589 2557 inclementius.
1654 2486 1857 2583 Quam
1910 2508 2047 2575 uam
2068 2508 2222 2573 pro-

191 2574 202 2580 ’
269 2573 450 2634 fecto
471 2572 740 2653 'ceteros'
766 2570 1162 2651 captivorum
1187 2570 1339 2631 sat-is
1359 2570 1789 2634 tolerabiliter
1812 2570 1891 2631 ha
1938 2568 2093 2631 uiss'e
2123 2566 2221 2631 fe-

267 2665 542 2714 runtur:
627 2649 760 2712 uod
781 2664 848 2711 et
875 2650 1003 2734 ipsi
1039 2652 1272 2712 multos
1297 2671 1377 2712 ex
1401 2652 1536 2713 suis
1559 2652 1625 2712 in
1654 2649 1961 2737 potestate
1990 2652 2222 2711 Roma-

269 2752 505 2794 norum
541 2750 576 2793 e
631 2752 668 2793 e
703 2728 1027 2803 sciebant,
1077 2732 1754 2815 quos-permutatione
1794 2730 2069 2793 instituta
2112 2752 2221 2793 cu-

267 2814 539 2899 piebant
563 2812 882 2895 recipere.
941 2811 1072 2873 Sed
1105 2794 1405 2874 advssrsus
1425 2816 1514 2871 M.
1538 2814 1855 2895 Regulum
1884 2832 2091 2893 neque
2112 2812 2221 2873 ab·
2275 2822 2555 2877 Poenorum

273 2894 596 2959 scondere
627 2895 1078 2977 iramstneque
1109 2892 1436 2953 moderari
1470 2906 1744 2975 potuere
1765 2936 1781 2967 ,
1872 2893 1979 2953 uin
2014 2894 2220 2953 omni·
2244 2890 2536 2945 endem„

269 2976 396 3039 bus
441 2968 648 3035 m'odis
681 2988 992 3035 vexarent
1026 2974 1234 3036 virum
1273 2989 1734 3059 angerentque.
1800 2994 1856 3034 ci
1910 2994 2013 3031 um
2051 2974 2221 3034 enim
2246 2962 2304 3013 ἢ
2349 2960 2427 3011 M·
2461 2956 2559 3009 ᾖ·

269 3056 692 3143 praebebant,
727 3053 996 3149 non-qui
1016 3055 1120 3116 vel
1141 3056 1488 3150 voluptatis
1519 3056 1762 3139 aliquid
1792 3054 2051 3115 adferre
2074 3075 2221 3116 sen·
2243 3030 2451 3100 μὴ’·

114 3179 120 3187 .
193 3151 202 3165 “
271 3138 496 3218 sibus‘,
539 3138 644 3198 vel
670 3136 920 3231 vigoris
949 3154 1213 3217 corpori
1247 3137 1489 3233 polret3
1556 3136 1667 3198 sed
1713 3139 1825 3221 qui
1866 3136 2224 3197 tenuiffima

266 3218 639 3283 refectione
679 3228 978 3300 spiritum
1015 3215 1301 3277 infelicis
1337 3216 1418 3277 ad
1454 3216 1905 3300 producendas
1934 3216 2073 3296 ejus
2102 3217 2222 3276 mi-

273 3300 484 3363 serias
517 3298 860 3359 detineret.
917 3296 1005 3358 At
1037 3296 1408 3359 acerbiores
1431 3312 1615 3359 erant
1632 3298 2055 3360 contumeliae
2118 3316 2223 3359 er-

267 3395 502 3465 petuae
525 3421 544 3451 ,
587 3378 761 3440 inter
798 3398 955 3460 quas
993 3377 1458 3441 consueverant
1486 3380 1886 3441 creberrime
1916 3380 2059 3461 elep
2108 3398 2219 3437 an-

267 3475 406 3522 tum
435 3460 709 3543 aliquem
737 3458 1082 3530 adducere,
1127 3458 1306 3538 cujus
1339 3459 1591 3521 barritu
1620 3459 1991 3531 exterritus,
2034 3473 2100 3521 et
2120 3458 2219 3519 in·

267 3542 414 3603 visa
445 3540 669 3624 specie
700 3552 934 3611 tortus,
977 3558 1099 3601 nee
1126 3540 1372 3612 animo,
1416 3557 1539 3601 nec
1572 3559 1851 3623 corpore
1881 3540 2085 3623 poss'et
2113 3560 2220 3601 re-

267 3624 636 3706 quiescere.
697 3617 1015 3703 postremo
1053 3621 1141 3681 ita
1183 3635 1569 3683 maceratum
1604 3620 2117 3706 exagitatumque
2150 3620 2223 3683 in

267 3722 602 3763 carcerem
635 3702 960 3786 publicum
995 3700 1434 3782 conjecerunt.
2258 3704 2261 3711 '

387 3808 678 3868 xxxm.
741 3806 1280 3893 Quaepostquam
1327 3806 1541 3869 audita
1576 3820 1723 3868 sunt
1751 3809 2026 3880 Romae,
2086 3828 2219 3869 non
2258 3788 2532 3883 Qum...
2625 3856 2628 3859 -

268 3884 503 3950 dolore
543 3886 736 3949 modo
763 3890 1036 3970 ingenti,
1081 3889 1200 3951 sed
1233 3890 1426 3951 etiam
1458 3902 1664 3961 metu,
1707 3888 2031 3951 civitatem
2065 3910 2218 3971 per-
2242 3916 2365 3954 run
2381 3908 2569 3952 metus.

269 3970 594 4031 culerunt.
649 3969 994 4032 timebatur
1025 3971 1198 4031 enim
1221 4014 1236 4045 ‚
1281 3992 1363 4031 ne
1399 3970 1953 4053 Carthaginienses
1976 4013 1994 4045 ,
2038 3989 2219 4030 acer-

269 4070 404 4085 -ᾳ-

269 4079 712 4239 z‘sszssigixxl.
747 4116 876 4173 Liv-
895 4118 979 4187 28,
998 4135 1078 4173 η.
1097 4120 1375 4173 Zonaras.
1395 4116 1645 4172 Diodor.
1663 4117 1786 4173 ·1.5.
1822 4119 1965 4187 Cap.
1988 4114 2215 4171 xxxn.
2264 4149 2269 4160 .
