2859 4717
621 314 708 376 m
749 310 1046 377 Locum
1083 316 1248 377 Lm.
1287 314 1459 380 xvl.
1506 316 1729 381 mvn.
2046 324 2160 397 ¹47

204 520 382 581 xime
410 520 600 582 modo
642 534 890 604 captum
921 540 955 580 a
985 518 1291 584 Romanis
1329 520 1753 603 Agrigentum
1788 518 1874 583 est
1895 565 1911 593 ‚
1958 522 2155 607 septi·
2216 522 2491 595 U.c.491.

201 622 376 661 mum
418 600 584 661 intra
627 600 936 673 mensem,
985 622 1168 687 quam
1207 600 1483 662 obsideri
1528 616 1863 685 coeperat:
1934 594 2167 686 magnei

204 700 348 744 cum
369 682 643 745 utilitate
671 683 1004 767 gloriaque
1037 682 1262 767 populi
1291 684 1579 755 Romani,
1630 683 1743 745 sed
1774 684 1968 744 multa
1998 705 2154 767 quo.

207 783 335 847 que
376 764 706 845 sanguinis
753 764 1054 847 impensa.
1140 764 1380 849 quippe
1421 750 1613 845 su‘pra
1656 764 1916 847 triginta
1950 764 2155 826 homi·
2236 758 2426 825 ἵκεθ’*

208 865 364 905 num
405 843 603 904 millia
647 843 728 907 de
767 845 1094 907 consulum
1131 846 1421 908 exercitu
1457 846 1948 931 Siculorumque
1983 846 2155 907 auxi·
2184 843 2437 907 austerus

209 925 346 997 liis,
387 926 562 985 inter
577 923 754 987 istam
788 924 1177 988 obsidionem
1213 928 1386 988 varia
1405 925 1577 1011 peste
1597 928 1955 1010 perierunt.
2019 927 2157 1011 Qua
2185 894 2383 1013 'st-'5222
2410 896 2493 1015 οὲ

212 1003 298 1066 de
314 1004 540 1077 causta,
589 1007 778 1067 simul
811 1008 961 1103 quia
993 1007 1160 1069 nihil
1184 1006 1307 1089 jam
1339 1026 1603 1090 magnae
1636 1009 1736 1069 rei
1767 1010 1847 1069 ob
1882 1008 2158 1071 hiemem
2186 1031 2479 1099 misorum.

209 1108 334 1171 pro
383 1086 640 1167 inquam
669 1090 910 1173 suscipi
939 1103 1192 1173 poterat
1223 1131 1238 1161 ‚
1291 1088 1629 1149 Mefl'anam
1656 1090 2012 1152 redierunt.

393 1168 506 1227 IX.
559 1172 747 1230 Anno
785 1168 1021 1231 deinde
1113 1170 1361 1231 roximo
1398 1188 1545 1230 cum
1585 1171 1862 1255 imperio
1903 1172 2160 1233 iverunt
2216 1188 2491 1259 U.c.⁴oa.

213 1245 287 1308 in
318 1248 607 1310 Siciliam
635 1252 709 1311 L.
731 1252 1032 1315 Valerius
1061 1194 1147 1311 ξι
1177 1252 1251 1312 F.
1286 1254 1374 1311 M.
1407 1256 1485 1311 N.
1516 1252 1783 1314 Flaccus
1806 1266 1872 1314 et
1900 1254 1977 1313 Τ.
2004 1253 2158 1315 Ota·
2220 1260 2279 1311 L.
2312 1261 2477 1313 Kale-

214 1328 409 1391 cilius
445 1331 517 1391 C.
561 1332 635 1391 F.
678 1330 772 1393 M?
813 1336 888 1395 N.
929 1333 1180 1395 Crass'us
1213 1332 1505 1394 consules
1530 1374 1547 1404 ‚
1608 1334 1939 1417 prioribus
1980 1332 2159 1395 duci·
2186 1327 2514 1409 1'192'1'021·

211 1409 337 1474 bus
375 1410 456 1472 ad
493 1430 671 1509 spem
703 1414 896 1475 trium
944 1414 1012 1474 hi
1057 1414 1324 1475 Romam
1359 1412 1425 1473 di
1472 1414 1676 1478 reffis.
1760 1414 2161 1477 carthaoini-
2204 1395 2341 1451 “¹¹¹⁰
2361 1396 2495 1451 ⁰⁰¹5·

212 1491 404 1553 enses
447 1494 706 1578 quidem
725 1534 742 1568 ‚
814 1436 1000 1557 clalre
1037 1508 1352 1579 tamquam
1398 1434 1479 1554 εἰ
1526 1493 1879 1558 vastandam
1919 1464 2165 1559 ltaliam

212 1572 427 1648 miffa,
470 1594 674 1639 novos
708 1576 999 1638 consules
1033 1596 1068 1637 a
1099 1575 1360 1639 Siciliae
1393 1594 1545 1636 cura
1574 1573 1875 1637 distinere
1899 1577 2163 1673 cupive-

213 1670 380 1715 rant.
425 1655 542 1717 sed
569 1656 662 1728 ii,
713 1656 1068 1719 constitutis
1108 1658 1352 1722 circum
1387 1657 1579 1716 litora
1619 1655 1831 1739 globis
1868 1656 2163 1732 militum,

213 1738 328 1831 gui
361 1736 721 1821 praedones
743 1752 1073 1809 arcerent,
1115 1737 1533 1799 nihilominus
1564 1737 1631 1797 in
1654 1738 1917 1799 insulam
1955 1751 2165 1800 trans-

208 1832 531 1899 jecerunt.
617 1823 800 1881 Tunc
833 1837 1092 1915 quoque
1119 1818 1314 1879 multa
1350 1816 1711 1881 Siculorum
1742 1816 1977 1903 oppida
1999 1820 2065 1879 in
2088 1818 2165 1880 fi-

211 1898 695 1983 dem‚recepta,
747 1916 998 1963 recenti
1034 1900 1233 1961 cladis
1275 1899 1739 1982 Agrigentinae
1774 1900 2069 1985 exemplo
2098 1912 2166 1961 et
2335 1954 2342 1959 .

213 1994 422 2043 metat
463 2000 678 2065 neque
721 1981 1174 2044 obsistentibus
1201 1982 1481 2053 Poenis,
1528 2000 1690 2063 quos
1732 2000 1930 2064 super
1966 2002 2159 2065 proe-
2192 1996 2501 2059 Poeninas.

215 2062 374 2123 lium
419 2062 754 2125 adversum
795 2064 984 2126 etiam
1029 2062 1383 2125 seditiones
1419 2064 1963 2125 mercenariorum
1994 2063 2160 2123 mili·
2188 2078 2325 2127 tione
2364 2092 2497 2129 mr-

213 2155 348 2203 tmn
392 2144 746 2225 angebant,
801 2144 1004 2207 Gallis
1049 2144 1402 2227 praecipue
1447 2144 1530 2203 ob
1572 2142 1873 2204 mensium
1919 2144 2163 2241 aliquot
2186 2144 2417 2195 cenario-

215 2220 527 2307 stipendia
567 2245 696 2287 non
730 2227 935 2288 soluta
979 2226 1526 2287 tumultuantibus.
1587 2224 1665 2283 ad
1700 2244 1861 2309 quos
1889 2245 2161 2309 pumen·
2188 2228 2309 2263 ''¹⁴¹''
2334 2228 2429 2263 Μ’·

215 2304 336 2367 dos
367 2307 660 2369 fraudem
693 2306 1008 2387 ejusmodi
1037 2320 1433 2367 commentus
1468 2301 1555 2366 est
1582 2306 1835 2367 Hanno.
2184 2292 2409 2371 μην·

335 2388 468 2447 Lx.
499 2390 810 2450 Sermone
831 2386 1066 2449 blando
1088 2389 1418 2469 mitigatos
1444 2384 1771 2448 modicum
1796 2384 1876 2447 ad
1906 2399 2161 2469 tempus
2222 2416 2281 2467 1„
2296 2415 2381 2467 u,
2400 2432 2496 2485 P*-

217 2468 557 2549 quiescere
601 2469 808 2531 'ubete
855 2469 984 2531 sibi
1031 2468 1158 2530 ess'e
1201 2481 1439 2529 certam
1483 2480 1563 2539 et.
1584 2468 2011 2551 propinquam
2046 2488 2159 2551 op·
2188 2484 2395 2535 ‚ciendis

214 2548 355 2631 pidi
393 2548 571 2630 cujus
620 2572 719 2611 am
753 2551 1095 2634 locupletis
1129 2548 1487 2630 occupandi
1520 2568 1701 2631 spem
1731 2546 2038 2613 ostendit:
2084 2568 2162 2609 cx
2176 2550 2499 2633 fraquan·

219 2628 357 2709 ejus
439 2632 630 2693 raeda
664 2632 978 2694 cumulate
1010 2631 1215 2693 Gallis
1249 2631 1441 2690 etiam
1469 2650 1590 2712 pro
1616 2630 1957 2691 solutionis
1986 2650 2164 2690 mora
2188 2636 2363 2673 nonas.

217 2712 372 2774 satis
443 2726 613 2774 ctum
649 2714 735 2774 iri
785 2710 1138 2775 confirmat.
1219 2710 1309 2771 Ita
1344 2710 1582 2771 sedatis
1632 2709 1801 2781 illis,
1872 2710 2163 2795 adeoque

217 2793 456 2876 gratias
493 2794 850 2879 agentibus,
897 2815 979 2877 op
1032 2806 1262 2854 ortuno
1301 2804 1615 2875 tempore,
1659 2810 1802 2851 cum
1836 2790 2163 2876 dispensa-

217 2888 366 2935 tore
403 2896 557 2949 suo,
604 2895 792 2961 quem
821 2816 1092 2937 habebat
1121 2870 1550 2933 fidelissimum
1571 2916 1587 2945 ,
1634 2872 1798 2955 agit,
1842 2886 1911 2935 ut
1943 2874 2165 2957 specie

217 2955 627 3040 transfugae,
672 2970 988 3041 tamquam
1021 2952 1378 3016 rationibus
1406 2950 1791 3015 interversis
1818 2996 1833 3026 ,
1887 2954 1962 3024 ad
2006 2954 2163 3016 Ota-

221 3036 440 3097 cilium
477 3038 800 3100 confulem
836 3050 1180 3122 pergeret,
1237 3034 1551 3096 indicaret
1598 3055 1715 3100 ue,
1781 3050 1971 3098 nocte
2009 3056 2161 3119 pro-

217 3114 384 3179 xim‘a
412 3120 741 3181 Gallorum
767 3120 970 3180 millia
1007 3131 1314 3203 quatuor,
1378 3114 1457 3177 ad
1502 3138 1579 3177 ur
1628 3136 1728 3177 em
1773 3118 2165 3178 Entellinam

263 3199 626 3261 roditorum
659 3222 854 3287 opera
892 3196 1327 3283 recipiendam
1360 3212 1709 3273 venturos,
1754 3196 1981 3261 locatis
2002 3199 2161 3259 insi-

215 3220 346 3342 giis
381 3282 838 3348 circumveniri
872 3284 1070 3367 poss'e.
1120 3278 1372 3351 Consul,
1413 3300 1553 3341 rem
1584 3300 1711 3341 non
1740 3282 2165 3363 spernendam

218 3360 604 3437 arbitratus,
665 3364 823 3427 licet
871 3362 1240 3446 transfugae
1293 3381 1426 3423 non
1470 3362 1729 3422 omnino
1780 3358 2163 3433 confideret,

219 3444 416 3505 mittit
455 3444 764 3508 delectam
796 3444 1070 3507 militum
1105 3463 1379 3504 manum.
1458 3442 1725 3504 veniunt
1762 3456 1827 3503 et
1872 3442 2039 3503 Galli
2083 3440 2161 3502 ab

219 3524 538 3587 Hannone
572 3526 849 3611 decepti.
917 3524 1461 3608 consurgentibus
1496 3522 1576 3583 ad
1598 3523 1716 3583 hos
1736 3521 2175 3620 excipiendos
2268 3558 2419 3612 Gam-

219 3606 532 3669 Romanis
551 3638 574 3681 ,·
617 3610 828 3670 oritur
854 3607 1174 3703 proelium
1201 3618 1420 3677 atrox,
1463 3604 1532 3665 in
1569 3623 1697 3689 quo
1730 3604 1898 3667 Galli
1936 3624 2159 3666 omnes
2188 3617 2503 3681 hnmana·

220 3686 586 3761 interfecti,
638 3710 830 3773 quum
864 3688 1052 3750 inulti
1093 3686 1435 3749 noluiffent
1462 3687 1883 3759 occumbere,
1926 3684 2162 3770 duplex
2206 3696 2493 3749 Poenorum

217 3766 522 3832 Hannoni
561 3770 860 3855 gaudium
887 3769 1321 3853 praebuerunt
1341 3811 1358 3840 ,
1405 3765 1945 3831 conductitiorum
1981 3766 2158 3829 inso-
2185 3764 2503 3835 ‘Mdmm‘rae

217 3848 484 3911 lentiam
523 3871 668 3914 eum
696 3850 965 3915 hostium
997 3849 1166 3913 haud
1211 3848 1443 3934 exiguo
1480 3847 1869 3911 detrimento
1901 3848 2031 3911 non
2058 3848 2157 3909 in·

217 3930 451 3993 callide
491 3932 866 3996 vindicanti.

183 4141 194 4151 .
265 4075 634 4153 cdpfflvnl.
671 4078 915 4135 Diodor.
931 4082 1208 4135 Zonaras.
1281 4079 1585 4153 eap.L1x.
1622 4078 1869 4153 Eutrop.
1902 4076 1945 4132 l.
1966 4094 2016 4132 s.
2051 4030 2157 4133 Zo-

217 4164 411 4203 naras.
445 4148 650 4217 Polyb.
688 4150 954 4203 Frontin.
983 4150 1229 4224 Strateg.
1247 4150 1301 4217 3,
1325 4154 1403 4206 ιθ.
1442 4158 1501 4203 et
1525 4150 1800 4203 Zonaras.
1876 4144 2021 4221 Cap.
2040 4146 2156 4203 Lx.

221 4216 490 4273 Frontin.
518 4214 768 4334 ninam-⁰
803 4218 1069 4273 Frontin.
1413 4290 1485 4361 R
1534 4314 1575 4360 Β
