2859 4717
45 543 70 606 i

663 289 786 404 25¹8
836 339 1409 402 FREINSHEHII·
1434 339 2255 406 SUPPLEMENTORUM
2285 342 2432 405 Lm.
2448 343 2533 406 X.

305 545 375 599 U·
399 561 450 598 θ·
473 545 595 613 524·
656 548 870 610 niatae
903 545 1139 629 cupide
1177 563 1519 643 recepere,
1566 567 1766 632 aeque
1796 544 2233 609 fideiillorum
2252 546 2606 610 tradidere.

269 625 281 638 '
349 617 579 684 flmqffl
659 629 758 691 Ab
777 629 897 690 hac
925 628 1196 688 liberata
1223 625 1426 688 statim
1458 627 1537 688 ad
1552 627 2019 710 Dyrrhachium
2041 629 2218 690 itum.
2264 628 2334 689 id
2350 649 2609 726 quoque

315 669 629 753 Apollonia·

309 763 412 805 m·
655 713 1090 773 Romanorum
1127 711 1452 789 extemplo
1484 709 1726 772 factum
1750 752 1768 782 ,
1832 707 1914 772 ad
1939 710 2172 771 famam
2209 707 2613 772 advenientis

654 793 982 854 exercitus
1021 789 1289 875 dilapsis
1325 808 1571 876 pavore
1602 790 1862 873 Illyriis,
1907 792 2019 875 qui
2053 778 2360 854 ob'sidere
2384 791 2637 854 urbem·

654 885 1027 958 coeperant.
1089 871 1343 934 Eodem
1371 872 1617 956 impetu
1648 893 1809 956 gena
1842 871 2284 954 Ardya'eorum
2317 872 2397 934 ad
2428 873 2615 934 dedi-

650 957 899 1018 tionem
915 942 1151 1016 'coacta
1191 951 1315 1016 est:
1377 971 1827 1039 veneruntque
1870 953 1948 1014 ab
1994 954 2311 1017 ulteriore
2357 955 2613 1038 Illyrico

648 1036 846 1120 legati
883 1035 1202 1099 variarum
1235 1035 1601 1107 nationum,
1643 1036 1954 1120 imperata
1982 1036 2269 1098 facturos
2293 1055 2444 1099 suos
2512 1037 2613 1099 ol-

651 1117 858 1192 liciti,
905 1117 961 1179 si
997 1117 1064 1177 in
1093 1117 1439 1178 amicitiam
1459 1116 1893 1201 recipiantur:
1939 1137 2019 1178 ex
2051 1117 2285 1201 quibus
2315 1121 2467 1180 Part
2518 1109 2613 1180 ini

651 1199 918 1262 fuerunt
952 1211 1019 1262 et
1053 1199 1416 1260 Atintanes,
1500 1199 1831 1260 Plurimus
1865 1197 1944 1260 ad
1977 1197 2138 1260 haec
2180 1199 2329 1260 usus
2371 1201 2613 1262 Deme-

349 1279 607 1332 Demetri.
650 1283 764 1343 trii
803 1279 1028 1354 Pharii
1066 1279 1228 1354 fuit,
1275 1281 1423 1364 qui,
1470 1301 1505 1340 a
1536 1279 1905 1344 consulibus
1943 1280 2455 1354 circumductus,
2498 1303 2611 1343 ro-

312 1367 374 1400 us
387 1351 628 1401 annosa
651 1362 778 1424 hur
813 1378 877 1425 et
926 1361 1122 1446 fidem
1158 1365 1595 1424 Romanorum
1633 1361 2042 1437 extollendo,
2104 1365 2478 1447 Teutaeque
2509 1363 2613 1424 in-

311 1417 594 1538 ἔζῖξζὲζξ
653 1444 929 1509 curando
962 1444 1394 1522 temeritatem
1425 1455 1492 1503 et
1514 1440 2015 1517 inconstantiam,
2060 1441 2223 1505 alios
2250 1444 2614 1506 rationibus

313 1553 572 1606 undu,
653 1531 720 1589 e't
753 1527 1031 1589 consilio
1050 1569 1067 1598 ,
1110 1526 1273 1588 alios
1311 1523 1695 1588 auctoritate
1720 1546 1833 1588 sua
1858 1524 1939 1587 ad
1972 1524 2349 1588 societatem
2374 1527 2613 1588 Roma-

309 1623 407 1677 es't.
649 1613 884 1671 n'orum
921 1607 1297 1672 adducebat.

771 1759 1004 1822 XXIX.
1026 1755 1194 1820 'Post
1221 1758 1384 1822 haec
1419 1757 1499 1820 ad
1526 1757 1709 1820 Iss'am
1740 1755 1964 1820 cursus
2000 1755 2356 1821 institutus:
2400 1771 2487 1832 et,
2507 1759 2614 1820 in.

652 1856 755 1905 ter
791 1839 1214 1924 navigandum
1241 1840 1463 1902 multis
1498 1839 1671 1902 locis
1704 1838 2137 1902 exscensione
2159 1838 2326 1902 facta
2345 1883 2365 1914 ,
2404 1839 2614 1924 plera-

349 1919 554 1974 Nuert‘a
699 1945 778 1986 ue
811 1921 1050 2008 oppida
1083 1922 1214 1984 levi
1235 1922 1514 2005 negotio
1552 1934 1735 2004 capta
1766 1934 1936 1982 sunt.
1999 1923 2228 1983 Nutria
2260 1919 2511 1984 strenue
2534 1923 2613 1984 ab

303 1993 514 2057 strenue
533 1990 625 2043 δ’·
649 1945 887 2088 iinriia
927 2003 1194 2066 defensa
1226 1999 1348 2075 est,
1391 2003 1723 2086 multoque
1760 2001 2070 2084 sanguine
2106 2001 2386 2065 constitit
2408 2001 2613 2066 victo-

300 2061 469 2128 f'''“
491 2096 508 2122 ’
538 2071 624 2141 “5
651 2088 748 2149 ria
769 2130 788 2162 ,
847 2086 1129 2149 tribunis
1163 2085 1360 2146 etiam
1407 2081 1791 2167 quibusdam
1818 2096 1886 2145 et
1964 2081 2251 2146 uaestore
2281 2083 2614 2147 desidera-

311 2145 429 2254 εἴ
473 2143 625 2200 (αρ’
655 2169 762 2230 tia.
825 2167 1022 2250 Cujus
1071 2166 1180 2242 rei
1232 2165 1557 2227 leviorem
1602 2163 1899 2226 dolorem
1976 2180 2246 2228 ecerunt
2288 2165 2487 2228 lembi
2512 2167 2613 2233 vi-

653 2249 856 2333 ginti,
916 2269 1080 2332 quoa
1119 2243 1543 2330 cum-praeda
1590 2260 1658 2308 et
1702 2245 1980 2330 pecunia
2032 2267 2113 2308 ex
2153 2247 2615 2332 Peloponneso

653 2330 993 2392 venientes
1017 2329 1290 2390 Romani
1321 2347 1665 2410 excepere.
1709 2328 1750 2388 J
1751 2349 1849 2388 am
1866 2325 1944 2388 ad
1968 2329 2143 2392 lss'am
2172 2343 2431 2392 ventum
2452 2341 2613 2392 erat.

652 2413 752 2476 lbi
772 2454 791 2486 ,
837 2409 1114 2498 perinde
1141 2424 1218 2473 ut
1269 2405 1350 2471 ad
1389 2407 1863 2505 Dyrrhachium
1903 2409 2266 2484 acciderat,
2338 2411 2615 2474 adventu

651 2471 980 2556 Ro'mauae
1010 2492 1218 2556 class'is
1256 2490 1515 2554 obsidio
1553 2492 1762 2552 soluta
1796 2487 1903 2566 est,
1948 2491 2211 2554 diversa
2230 2494 2296 2554 in
2318 2492 2463 2554 loca
2484 2492 2615 2554 dif-

653 2573 1058 2658 fugientibus
1094 2572 1424 2646 barbaris,
1466 2585 1731 2713 graeter
1762 2573 2077 2648 Pharios,
2123 2574 2235 2656 qui
2258 2575 2325 2636 in
2344 2573 2615 2657 gratiam

656 2655 1018 2727 Demetrii,
1107 2655 1239 2717 uod
1275 2676 1354 2717 ex
1389 2675 1466 2716 ea
1513 2675 1615 2715 em
1651 2651 1853 2715 insula
1888 2669 2068 2717 ortua
2096 2697 2113 2728 ,
2156 2655 2349 2740 eique
2382 2654 2498 2716 sub
2522 2657 2610 2716 A-

659 2757 867 2834 grone
901 2759 1056 2821 prae
1091 2751 1272 2799 ectus
1302 2737 1520 2798 fuerat
1542 2778 1559 2809 ,
1620 2736 2010 2819 corporibus
2046 2735 2373 2822 rebusque
2416 2737 2611 2798 salvis

658 2841 728 2881 tn
759 2817 955 2880 fidem
998 2820 1250 2902 accepti
1291 2833 1459 2882 aunt.
1516 2815 1697 2880 Haec
1734 2817 1945 2880 audita
1986 2815 2340 2882 instabilem
2368 2821 2615 2880 Teutae

659 2901 937 2963 animum
964 2902 1141 2964 varie
1167 2915 1547 2972 moverunt,
1594 2898 2058 2962 alternantibus
2079 2899 2338 2962 timoris
2367 2913 2432 2962 et
2450 2897 2614 2960 fidu-

661 2983 799 3044 ciae
834 2983 1083 3044 cauma.
1151 2985 1308 3044 Nam
1345 2982 1515 3047 sicut
1546 2981 1757 3042 amiss'a
1784 2994 1851 3042 et
1877 2981 2089 3042 deleta
2117 3001 2156 3042 o
2203 2981 2376 3065 pide,
2419 2977 2615 3044 vasta-

661 3075 764 3125 tae
795 3064 1150 3126 maritimae
1185 3061 1531 3148 regiones,
1576 3063 1790 3123 ubivis
1822 3061 2078 3146 fugatae
2111 3063 2161 3122 11
2188 3063 2473 3142 yriorum
2500 3083 2615 3124 co-

709 3145 832 3219 iae,
861 3159 1102 3206 metum
1125 3145 1190 3205 ei
1207 3145 1551 3210 maximum
1566 3143 1987 3220 incuil'erant3
2033 3143 2121 3204 ita
2143 3143 2413 3206 vicissim
2433 3163 2619 3226 spem

661 3167 853 3289 flabat
889 3227 1311 3290 Nutrinorum
1344 3225 1630 3298 audacia,
1670 3239 1737 3286 et
1763 3223 2106 3286 hibernum
2134 3223 2257 3322 jam
2278 3245 2477 3297 mare,
2502 3245 2617 3284 cu-

661 3306 762 3388 jus
783 3307 1133 3370 formidine
1153 3306 1420 3370 rebatur
1443 3309 1767 3368 Romanoa
1788 3305 1918 3368 cito
1940 3321 2337 3390 repetituros
2360 3305 2621 3367 domum

335 3399 492 3458 Teuta
505 3399 642 3455 Rhi-
667 3389 816 3452 effe.
876 3393 1096 3473 Itaque
1127 3389 1517 3461 Rhizonem,
1562 3387 1873 3472 oppidum
1910 3389 2282 3472 cognomini
2302 3385 2500 3450 fluvio
2517 3388 2621 3447 in-

326 3488 506 3526 zone-u
521 3487 644 3524 con-
715 3471 950 3532 ositum
975 3513 992 3544 ,
1039 3491 1180 3532 cum
1211 3469 1436 3554 paucis
1467 3490 1538 3532 se
1582 3469 1855 3532 contulit
1878 3513 1895 3542 ‚
1940 3469 2381 3554 exspectatura
2407 3489 2621 3530 remc-

325 3539 487 3619 mfae's.
663 3493 881 3623 flium,
926 3549 1100 3636 quod
1135 3565 1390 3634 tempus
1415 3551 1711 3613 offerret.
1798 3549 2074 3613 Alebant
2099 3572 2324 3613 vanam
2359 3551 2619 3635 opinio-

667 3653 814 3696 nem
852 3647 988 3694 acta
1035 3631 1400 3706 consulum,
1460 3634 1609 3718 qui,
1676 3633 1989 3716 pleraque
2024 3645 2205 3716 parte
2250 3632 2616 3715 regionum,

669 3733 826 3798 quas
863 3713 1332 3799 occupaverant
1352 3755 1367 3784 ,
1435 3713 1772 3776 Demetrio
1816 3713 2082 3787 tradita,
2148 3711 2621 3796 Dyrrhachium

669 3809 735 3857 et
774 3796 1024 3858 class'em
1073 3808 1139 3857 et
1188 3795 1547 3858 exercitum
1584 3795 1927 3864 reduxere.
2016 3795 2149 3858 Sed
2182 3793 2505 3880 postquam
2537 3797 2615 3854 Ι..

668 3875 1027 3940 Postumius
1045 3901 1082 3949 ,·
1107 3895 1252 3939 cum
1281 3877 1700 3962 quadraginta
1726 3878 1998 3939 navibus
2028 3877 2318 3949 relictus,
2364 3875 2619 3938 exerci-

669 3971 804 4020 tum
839 3979 922 4022 ex
945 3957 1364 4022 finitimarum
1393 3960 1647 4022 urbium
1672 3957 1926 4021 delectu
1949 3959 2110 4022 fecit
2127 4002 2145 4033 ,
2188 3959 2520 4038 ArdyaeiS,
2552 3973 2624 4019 et

671 4040 786 4124 qui
819 4055 1158 4125 praeterea
1197 4040 1569 4121 lllyriorum
1600 4041 1681 4103 ad
1718 4041 2095 4120 aoeietatem
2136 4044 2481 4104 Romanam
2513 4058 2625 4100 ac·

740 4189 822 4245 Ca
869 4189 1161 4246 ,xxvm.
1197 4190 1634 4264 Appiamlllyr.
1668 4190 2175 4264 zonanetPolyb.
2244 4187 2615 4262 eap.xx1x,.

671 4259 810 4317 Dio.
896 4259 1052 4331 olyh.
1091 4260 1341 4338 Oros-4,
1361 4263 1449 4322 23.
1479 4260 1620 4318 Dio.
1654 4259 1863 4334 Polyb·
2432 4299 2435 4304 -

1168 4411 1178 4448 ¹
