2859 4717
247 2212 250 2215 ·
343 2183 590 2237 Siciliam

616 250 632 264 ⁸
685 296 795 361 ιε,
837 290 2239 365 FREmsnEmoeUPPLEMENToRun
2266 304 2413 365 Lm.
2436 302 2546 371 vt.

335 505 404 559 U.
423 520 474 586 ς.
489 503 615 572 489-
679 506 899 578 lentia,
945 525 1108 588 quos
1137 518 1276 565 orta
1315 503 1529 565 subito
1558 502 1895 586 tempestas
1928 522 2193 590 praeter
2226 509 2485 571 solitum
2514 528 2629 571 ex-

337 576 656 653 nde-enswa-
681 588 1116 670 asperaverat,
1169 584 1495 667 repulsus,
1544 586 1777 646 amiss'is
1804 587 2045 670 aliquot
2076 589 2470 662 triremibus,
2516 610 2627 651 ce-

241 718 254 725 -
333 644 590 715 ''uum“
680 668 844 731 teris
887 687 1082 749 aegre
1121 665 1433 737 servatis,
1490 666 1557 725 in
1593 678 1888 748 portum,
1952 668 2125 731 unde
2174 670 2455 743 exierat,
2512 690 2623 731 re-

677 748 818 810 diit.
903 752 1128 833 Neque
1178 746 1530 807 deterritus
1572 745 1700 807 hoc
1744 746 2188 824 incommode,
2261 764 2331 811 ut
2364 751 2625 812 meliori

675 832 797 891 alia
832 849 913 913 op
964 828 1307 889 ortunitate
1333 826 1655 887 fortunam
1689 827 1921 889 iterum
1960 832 2244 913 experiri
2261 834 2485 914 poss'et,
2512 854 2627 893 na-

589 920 599 925 '
674 932 790 974 ves
825 932 897 972 re
929 909 1195 986 'ciebat3
1243 928 1437 992 quum
1458 907 1866 971 ahHannone
1898 912 2007 989 (is
2024 913 2407 974 Mamertino
2431 934 2622 997 prae-

675 992 847 1054 sidio
891 992 1176 1077 fretique
1235 988 1552 1051 custodiae
1595 992 1945 1085 praeerat)
2021 1008 2335 1055 venerunt
2376 994 2621 1065 nuncii,

675 1072 989 1167 quidquid
1027 1073 1400 1141 triremium,
1437 1070 1847 1133 hominumve
1892 1074 2233 1159 superiore
2270 1078 2625 1136 certamine

655 1158 883 1218 'Poeni
913 1168 1241 1238 ceperant,
1287 1152 1698 1213 adducentes.
1760 1153 2042 1247 Cupiens
2078 1155 2246 1215 enim
2280 1143 2625 1217 foederuin

673 1250 1012 1320 ruptorum
1040 1235 1362 1295 infamiam
1388 1233 1693 1303 Romanis
1727 1233 2108 1319 impingere,
2154 1232 2473 1297 confilium
2495 1236 2625 1297 hoc

261 1370 302 1383 ..
347 1311 646 1369 ΗΜΜΒΦ·
676 1316 1001 1400 amplexus
1044 1332 1180 1378 erat
1210 1316 1437 1397 Hanno
1460 1358 1478 1389 ,
1554 1312 1932 1399 questusque
1982 1316 2253 1410 possessi
2290 1316 2621 1399 Carthagi-

333 1402 520 1436 manos
575 1380 650 1433 “a
673 1394 996 1459 ni'ensibus
1032 1398 1187 1461 freti
1218 1418 1338 1481 per
1368 1396 1499 1458 vim
1531 1409 1833 1456 tentatam
1866 1399 2336 1481 navigationem
2360 1398 2508 1471 effe,
2540 1398 2623 1457 ad

323 1454 596 1572 {2252224
673 1500 898 1565 pacem
937 1492 1003 1541 et
1034 1478 1300 1541 foedera
1333 1477 1560 1559 majori
1596 1476 1906 1562 deinceps
1942 1498 2093 1539 cura
2130 1478 2441 1541 servanda
2464 1498 2625 1563 pro.

329 1595 608 1659 prum-02,
671 1560 960 1625 vocabat.
1023 1560 1158 1632 sed,
1204 1557 1444 1631 audito,
1490 1558 1821 1619 Claudium
1848 1560 2052 1637 nullas
2076 1556 2483 1639 conditiones
2510 1558 2627 1619 ad-

672 1644 968 1713 mittere,
1034 1642 1164 1702 nisi
1196 1640 1472 1701 Messana
1503 1638 1883 1724 praesidium
1918 1634 2385 1711 deducebam,
2433 1638 2625 1701 freti-

676 1743 801 1806 que
835 1722 1281 1801 trajectionem
1308 1722 1547 1783 iterum
1578 1720 1835 1796 moliri,
1904 1722 2313 1793 exclamavit,
2382 1752 2445 1788 se
2482 1751 2629 1795 vero

673 1824 796 1928 ngrlz
831 1822 958 1859 esse
981 1822 1356 1929 passurum,
1411 1810 1481 1857 ut
1512 1803 1783 1860 Romani
1818 1804 1913 1861 vel
1945 1821 2169 1859 manus
2202 1803 2267 1858 in
2300 1804 2423 1858 isto
2454 1802 2626 1873 matji

676 1892 714 1929 α
789 1891 974 1928 neren
1009 1910 1023 1925 .

795 1974 1056 2033 xxvn.
1097 1976 1326 2067 Neque
1348 1968 1559 2035 tamen
1592 1970 1945 2056 prohibere
1964 1971 2209 2055 potuit,
2252 1973 2408 2058 quin
2440 1972 2627 2035 Clau-

571 2114 615 2127 „
647 2054 844 2125 ‚dius‚
867 2052 1200 2114 observata
1216 2055 1373 2115 treti
1389 2068 1635 2126 natura,
1681 2066 2059 2136 captatoque
2082 2067 2395 2139 tempore,
2430 2064 2625 2136 quum

353 2115 653 2167 Rmum'
679 2132 993 2196 refluxum
1024 2134 1161 2213 ejus
1203 2134 1395 2194 etiam
1428 2148 1609 2194 ortus
1634 2132 1985 2195 commode.
2007 2148 2235 2196 ventus
2272 2134 2623 2212 adjuvaret,

339 2250 467 2303 „am-
507 2261 622 2299 am·
676 2216 1052 2299 priusquam
1089 2214 1346 2275 occurri
1375 2214 1615 2297 posset,
1668 2214 1957 2277 Siciliam
1986 2228 2263 2278 teneret.
2345 2214 2626 2288 lbi‚Ma-

467 2267 502 2319 g
679 2297 1100 2359 mertinorum
1120 2296 1186 2355 in
1207 2309 1398 2378 portu
1431 2310 1841 2379 repertorum
1864 2311 2085 2357 coacta
2112 2298 2445 2368 concione,
2474 2316 2629 2378 per-

683 2378 917 2449 suasit,
975 2390 1043 2438 ut
1078 2378 1459 2437 Hannonem
1492 2376 1878 2438 advocarent
1902 2419 1918 2449 ,
1980 2391 2292 2461 tamquam
2322 2378 2403 2438 de
2438 2398 2625 2459 prae·-

385 2453 576 2505 Ha'ffl’
683 2458 854 2521 senti
895 2457 1156 2540 negotio
1195 2478 1336 2519 cum
1373 2478 1451 2519 eo
1494 2455 1937 2519 deliberaturi.
2022 2458 2253 2519 Hanno
2275 2459 2466 2530 enim,
2510 2478 2629 2540 op-

352 2524 654 2602 M‘f'ffm'*
681 2538 1064 2623 pidanorum
1095 2538 1503 2600 discordibus
1534 2540 1761 2600 animis
1791 2560 2013 2622 parum
2048 2538 2327 2609 confisus
2348 2582 2363 2611 ,
2412 2558 2629 2599 arcem

338 2600 572 2643 ‘'mm“
679 2641 824 2682 cum
859 2620 992 2681 suis
1031 2639 1191 2681 occu
1239 2633 1488 2683 averat:
1540 2640 1750 2702 neque
1781 2620 2077 2682 concioni
2100 2620 2629 2679 Mamertinorum

681 2722 752 2763 se
771 2699 1040 2763 audebat
1070 2721 1179 2761 cre
1229 2722 1362 2763 ere.
1425 2717 1637 2763 tamen
1657 2702 1926 2773 veritus,
1970 2720 2049 2761 ne
2078 2699 2202 2760 hoc
2231 2699 2431 2783 ipsum
2464 2720 2628 2781 que-

681 2783 850 2843 relas
889 2802 1112 2843 eorum
1145 2782 1552 2855 accenderet,
1594 2782 1652 2843 si
1674 2781 1977 2843 diffidere
2001 2780 2363 2851 videretur,
2411 2794 2476 2841 et
2502 2801 2629 2863 per

684 2884 860 2925 suam
900 2862 1243 2925 absentiam
1279 2884 1348 2925 se
1383 2864 1691 2937 Romanis
1724 2864 2022 2946 protinus
2058 2861 2474 2945 adjungerent
2496 2902 2511 2932 ,
2536 2862 2630 2922 -in

683 2945 1076 3027 colloquium
1099 2945 1292 3006 venit.
1339 2966 1467 3028 quo
1504 2966 1625 3027 per
1653 2944 2154 3027 disceptationes
2190 2958 2254 3005 et
2287 2943 2491 3025 jurgia
2514 2942 2630 3002 diu

680 3038 965 3087 extracto
985 3068 1002 3099 ,
1047 3024 1125 3084 ad
1153 3026 1442 3090 ultimum
1480 3026 1752 3105 injectae
1778 3047 1811 3086 a
1843 3026 2150 3086 Romanis
2173 3024 2470 3083 Hannoni
2488 3044 2633 3083 ma..

677 3126 799 3166 nus
838 3118 1018 3177 sunt,
1063 3105 1120 3164 is
1171 3127 1251 3167 ue
1282 3108 1350 3166 in
1383 3126 1708 3167 carcerem
1744 3107 2075 3177 conditus‚·
2106 3104 2503 3165 Mamertinis
2534 3105 2635 3164 fa..

682 3201 851 3249 ctum
887 3206 1151 3269 compro
1201 3188 1475 3248 antibus.
1559 3192 1648 3248 lta
1681 3188 1915 3272 partim
1947 3186 2120 3260 dolo,
2206 3187 2391 3247 artim
2416 3198 2631 3245 terro-

681 3288 756 3331 re
789 3268 1262 3330 circumventus
1283 3312 1300 3341 ,
1346 3288 1541 3351 quum
1568 3268 1687 3329 alia
1723 3268 2008 3330 conditio
2038 3269 2149 3329 nul
2178 3289 2211 3325 a
2239 3268 2393 3328 ess'et
2415 3309 2431 3339 ,
2474 3286 2628 3329 arce

685 3349 1090 3411 Mamertinis
1109 3348 1362 3411 reddita
1381 3392 1399 3423 ,
1442 3346 1821 3433 praesidium
1850 3348 2171 3411 deducere
2192 3362 2449 3409 coactus
2478 3345 2585 3409 est.

382 3484 612 3565 meaque·
808 3480 1102 3542 xxvlfl.
1161 3480 1413 3553 Poeni,
1475 3500 1551 3541 re
1600 3492 1937 3564 comperta·
1984 3500 2175 3564 supra
2222 3480 2482 3542 modum
2518 3500 2633 3541 ex..

344 3553 636 3689 gxrq·
689 3560 1267 3656 acerbati,-quum
1319 3562 1562 3645 alioqui
1610 3561 1808 3623 duces
1853 3580 2011 3625 suos.
2046 3562 2129 3622 ob
2176 3562 2333 3621 mala
2376 3559 2633 3624 consilia

424 3688 436 3701 .
735 3655 1094 3713 uantflmvis
1135 3641 1449 3726 prospero
1496 3656 1731 3704 eventu
1775 3644 2007 3725 punire
2052 3644 2375 3717 solerent,
2442 3643 2637 3706 simul

346 3702 489 3801 jum·
617 3756 632 3767 =
717 3722 1014 3785 tultitiam
1057 3724 1426 3797 Hannonis,
1495 3724 1683 3785 simul
1730 3723 2063 3806 ignaviam,
2088 3724 2455 3795 accusantes
2477 3768 2493 3798 ,
2564 3726 2635 3785 in

691 3823 951 3865 crucem
975 3802 1274 3865 miserum
1310 3805 1736 3866 sustulerunt:
1784 3818 1847 3866 et
1878 3806 2183 3867 continuo
2210 3808 2467 3869 navales
2500 3822 2635 3869 ter-

587 3916 592 3923 ·
689 3882 1056 3970 restresque
1077 3886 1296 3969 copias
1322 3888 1663 3961 Messanam
1682 3906 1960 3969 pergere
1980 3901 2474 3970 praeceperunt,
2504 3888 2632 3949 alio

689 3966 1040 4053 Hannone,
1089 3968 1201 4051 qui
1235 3967 1615 4029 Hannibalis
1656 3981 1795 4029 erat
1830 3965 2023 4040 filius,
2068 3969 2148 4029 ad
2180 3990 2289 4029 res
2316 3958 2637 4051 g‘erendas

692 4124 1156 4265 exffi’pdlffffvn'
1195 4124 1400 4195 Polyb.
1427 4147 1477 4194 ι,
1503 4144 1589 4184 ιι.
1658 4127 1802 4201 Cap.
1819 4124 2083 4185 XXVIII.
2121 4125 2253 4185 val.
2274 4106 2431 4181 Ma‘x.
2444 4142 2493 4191 a,
2509 4140 2563 4196 7,
2587 4140 2640 4178 ι.
