2859 4717
16 3 200 172 3(st

582 195 596 222 0

293 493 364 550 U.
379 511 430 548 c.
445 493 569 554 503.

331 565 594 618 Deiectus„

291 633 545 686 Romanis

289 701 530 770 sieilia?-
541 713 548 720 ’

328 819 598 873 Mercenn-

287 889 362 941 riv·
374 906 404 940 a
418 887 599 942 Poenis

288 953 529 1012 alienati.

345 1113 360 1143 l

319 2759 553 2830 Regulus

275 2829 472 2884 Romae
484 2848 596 2883 ma·

281 2915 403 2952 nere
434 2899 530 2953 ab·

281 2967 427 3020 uuit.

321 3419 579 3481 Rationes

287 3490 554 3568 propositi

289 3575 370 3607 sm
425 3557 598 3609 addu-

288 3627 382 3677 cie.

641 288 754 371 198
787 238 1346 352 'FRmNSHEMu
1385 285 2199 378 SUPPLEQENTORUM
2230 289 2376 350 Lm.
2396 287 2563 352 vm.
2590 337 2599 340 -

731 495 848 550 Lx.
891 491 1073 571 Quod
1105 511 1245 550 vero
1279 489 1560 550 delectus
1595 493 1766 550 vobis
1782 493 2009 566 facilis
2042 501 2107 550 et
2136 494 2414 566 copiosus
2448 500 2563 562 est,
2624 482 2631 488 ¹

629 561 811 622 miles
848 563 1077 628 bonus,
1115 579 1385 626 concors,
1423 561 1667 636 lingua,
1706 561 2001 630 moribus,
2036 564 2252 626 sacris,
2288 565 2560 627 civitate,

629 634 1001 704 cognatione
1041 627 1316 690 'unctus‚
1353 627 1423 683 id
1460 637 1705 686 tantum
1741 649 1869 686 esse
1902 649 2070 694 reor,
2111 640 2179 686 ut
2202 631 2319 686 hac
2345 650 2465 686 una
2495 649 2563 684 re

629 699 965 772 ancipitem
1031 715 1208 754 acere
1241 698 1503 771 possetis
1530 697 2150 772 Carthaginiensibus
2184 699 2377 754 totius
2410 698 2567 754 belli

603 768 972 834 victoriam,
989 769 1047 826 si
1071 769 1291 822 ceteris
1313 765 1601 822 omnibus
1616 767 2029 822 vinceremini.
2082 767 2249 840 Quid
2268 768 2425 822 enim
2452 765 2564 821 ad-

626 853 832 896 versus
856 831 1164 909 ejusmodi
1179 834 1388 905 copias
1403 837 1701 891 momenti
1716 836 1804 890 sit
1818 836 1886 890 in
1912 837 2293 892 mercenaria
2322 855 2513 890 manu
2532 837 2563 892 ’ἱ

623 903 703 962 Et
733 910 981 967 tamen,
1028 905 1085 960 si
1167 901 1287 960 uod
1321 909 1501 970 erat,
1548 921 1665 960 sua
1712 901 2091 960 crudelitate
2112 902 2257 976 jam
2284 901 2559 958 aboleve-

621 979 772 1028 runt
795 972 1029 1040 Poeni,
1079 974 1137 1030 si
1179 973 1320 1046 ique
1347 989 1471 1026 non
1502 972 1707 1028 minus
1743 967 2070 1044 difficilem
2099 969 2433 1046 effecerunt
2460 989 2562 1043 pe·

623 1040 864 1116 regrini
892 1039 1118 1098 militis
1151 1037 1539 1096 conducendi
1552 1042 1857 1095 rationem
1876 1077 1895 1107 ,
1933 1057 2117 1108 quam
2150 1037 2439 1094 conducti
2460 1057 2563 1093 cu·

621 1107 917 1166 stodiam.
977 1105 1380 1180 Xanthippus
1401 1143 1416 1174 ,
1456 1109 1559 1164 cui
1575 1106 1749 1180 forte
1781 1108 2094 1182 Carthago
2133 1107 2349 1170 debet,
2386 1105 2566 1179 quid-

662 1173 774 1233 uid
797 1175 875 1232 ab
909 1195 983 1234 eo
1021 1185 1292 1250 tempore
1322 1176 1534 1250 potuit
1568 1177 1894 1243 amittere,
1935 1184 2065 1233 tam
2100 1179 2349 1250 ingrate
2374 1177 2557 1244 perfi-

701 1263 816 1320 que
841 1251 1151 1300 tractatus
1169 1279 1188 1312 ‚
1227 1242 1595 1300 documento
1628 1244 1748 1300 erit
1776 1243 1925 1298 aliis
1943 1281 1963 1314 ,
1998 1263 2073 1298 ne
2101 1251 2325 1301 temere
2358 1245 2564 1298 locent

620 1331 874 1381 operam
897 1314 957 1367 ei
978 1312 1231 1386 populo,
1267 1312 1386 1387 qui⁵
1403 1313 1685 1368 maxima
1708 1311 1935 1368 merita
1968 1331 2087 1367 non
2114 1313 2238 1367 nisi
2264 1312 2563 1366 maximis

615 1383 684 1440 in
697 1377 869 1436 ‘ariis
885 1381 1056 1436 novit
1079 1381 1488 1437 remunerari.
1524 1380 1750 1453 vulgus
1768 1380 1961 1435 etiam
1979 1379 2406 1444 barbarorum,
2438 1387 2561 1434 sto·

618 1451 672 1510 li
719 1467 823 1504 um
843 1456 906 1504 et
921 1447 1137 1505 venale
1157 1465 1387 1522 genus,
1425 1445 1830 1504 nihilominus
1848 1447 2217 1505 absterrebit
2241 1444 2307 1502 in
2336 1449 2566 1518 sui-ge-

615 1519 785 1576 neris
810 1515 1088 1573 homines
1115 1518 1365 1588 saepius
1390 1517 1669 1572 exercita
1690 1517 1979 1584 saevitia,
2016 1534 2205 1590 quum
2228 1513 2409 1571 niodo
2428 1533 2565 1570 car-

615 1587 882 1654 nificum
915 1593 1031 1640 aut
1061 1585 1555 1642 commilitonum
1582 1603 1773 1640 manu
1790 1587 2113 1657 perempti,
2151 1582 2333 1640 modo
2360 1585 2425 1638 in
2456 1581 2563 1637 cle·

613 1655 800 1714 sertis
821 1651 1048 1712 insulis
1083 1653 1385 1726 expositi,
1439 1671 1551 1725 pro
1584 1649 1910 1720 stipendiis
1944 1652 2219 1708 emeritis
2239 1689 2256 1715 ,
2308 1669 2381 1706 ne
2415 1651 2560 1706 sim·

615 1721 845 1794 plicem
921 1719 1126 1776 uidem
1162 1729 1423 1776 mortem
1448 1756 1465 1786 ,
1505 1727 1567 1775 et
1598 1717 1859 1775 humani
1888 1721 2079 1776 moris
2096 1719 2407 1792 supplicia
2426 1735 2563 1791 per-

614 1739 920 1847 solemni.
973 1787 1234 1844 Habetis
1305 1789 1378 1845 P.
1422 1787 1486 1844 0.
1525 1789 1799 1843 rationes
1826 1805 2001 1844 meae
2030 1789 2397 1852 sententiae,
2436 1801 2561 1860 qua

611 1875 810 1930 neque
837 1874 1054 1929 pacem
1085 1857 1230 1911 Cart
1275 1855 1708 1930 aginiensibus
1741 1855 2037 1924 dandam,
2074 1873 2267 1929 neque
2294 1873 2565 1912 commu·

613 1925 919 1984 tationem
949 1925 1334 1997 captivorum
1368 1923 1800 1995 recipiundam
1833 1941 2068 1979 censeo.

739 1993 900 2052 mu.
943 1996 1086 2052 Nou
1122 1991 1508 2075 displicebat
1536 1989 1861 2052 confilium
1891 1992 2159 2060 senatui,
2214 1991 2267 2052 si
2298 2005 2561 2054 auctore

618 2072 796 2137 salvo
831 2071 1038 2154 accipi
1071 2070 1275 2154 poss'et
1295 2113 1312 2131 .
1375 2069 1493 2131 sed
1521 2069 1708 2149 hujus
1740 2089 1819 2131 eo
1849 2072 2049 2155 magis
2076 2071 2559 2145 miserabantur,

615 2173 746 2238 quo
768 2151 924 2236 ipse,
970 2164 1039 2212 ut
1061 2150 1462 2236 reipublicae
1490 2151 1932 2214 consuleretur
1950 2195 1967 2226 ‚
2008 2153 2209 2236 magis
2234 2175 2305 2215 se
2338 2153 2563 2235 negle-

617 2247 837 2296 xerat:
879 2232 1350 2317 apparebatque
1382 2232 1511 2294 huc
1543 2229 1874 2305 inclinari,
1919 2248 1991 2296 ut
2068 2234 2307 2296 uaiibet
2336 2233 2562 2296 condi·

614 2315 795 2378 tione
818 2315 923 2376 vir
955 2312 1149 2376 animi
1180 2327 1304 2375 tam
1336 2313 1643 2396 generosi
1676 2313 1927 2408 patriae
1956 2335 2031 2377 re
2080 2315 2363 2378 deretur.
2406 2315 2563 2394 jam-

618 2417 744 2480 que
785 2413 983 2458 voces
1027 2394 1421 2476 jactabantur
1453 2393 1800 2455 dicentlum
1827 2439 1843 2466 ,
1909 2408 2236 2475 postquam
2288 2399 2374 2458 ad
2417 2421 2564 2459 suos

615 2477 1005 2550 postliminio
1034 2477 1405 2546 revertisset,
1441 2495 1555 2533 suo
1576 2473 1716 2547 jam
1742 2474 1884 2548 iure
1916 2493 2165 2533 manere
2197 2477 2262 2532 in
2280 2477 2561 2542 civitate,

619 2563 736 2614 aut
767 2552 1027 2610 retineri
1052 2569 1248 2626 posse.
1285 2543 1593 2606 Pontifex
1620 2543 1813 2606 etiam
1841 2546 2147 2606 maximus
2168 2543 2561 2614 adfirmabat,

615 2630 676 2684 si
701 2626 1100 2684 remansisset
1121 2624 1188 2680 in
1213 2625 1471 2684 civitate
1488 2661 1509 2694 ‚
1564 2626 1725 2682 citra
1756 2624 2105 2702 perjurium
2120 2624 2449 2698 facturum
2475 2623 2563 2679 vi-

619 2701 777 2758 deri.
816 2713 1010 2777 quum
1044 2693 1154 2756 ine
1198 2693 1435 2778 spiritu
1467 2694 1810 2777 vultuque,
1854 2714 2043 2778 quem
2080 2694 2269 2754 etiam
2305 2691 2415 2754 iste
2454 2711 2563 2752 se-

620 2789 806 2836 natus
845 2773 1276 2856 stupesceret,
1323 2780 1529 2872 Quin,
1576 2782 1700 2846 att,
1761 2778 2219 2839 dubitationem
2248 2784 2435 2839 istam
2470 2797 2564 2836 se·

621 2856 748 2915 mel
779 2855 1010 2912 tollitis
1029 2890 1047 2923 ,
1097 2855 1401 2920 Romam,
1450 2855 1899 2929 sequiminique
1928 2858 2299 2914 sententiam
2331 2873 2561 2923 meam,

621 2934 684 2983 et
733 2923 986 2980 anadetis
1019 2941 1116 2980 me
1147 2931 1536 2980 contemnere
1569 2927 1597 2982 :²
1676 2924 1924 2981 Frustra
1962 2922 2221 2980 tenditis
2258 2923 2561 2990 obtinere,

620 2989 784 3069 quod
815 3011 1006 3064 neque
1025 2989 1378 3065 jucundum
1405 2991 1595 3059 vobis,
1632 2987 1825 3066 neq'ue
1858 2993 2017 3049 utile
2048 2993 2327 3060 patriae,
2362 3011 2563 3067 neque

619 3059 780 3133 mihi
805 3059 1130 3115 honestum
1162 3062 1249 3115 sit
1255 3059 1575 3132 futurum.
1630 3061 1937 3126 Fortasse,
1976 3059 2123 3115 dum
2150 3078 2307 3116 nova
2342 3079 2438 3115 res
2470 3079 2557 3116 es·

620 3137 746 3194 set,
787 3127 1031 3184 alacres
1064 3135 1126 3181 et
1153 3135 1487 3201 gratantes
1516 3127 1823 3183 vobiscum
1852 3145 1949 3184 me
1986 3130 2219 3183 versari
2248 3127 2562 3184 videretis.

620 3196 759 3258 sed,
796 3195 1176 3268 simulatque
1203 3197 1394 3265 primi
1422 3196 1608 3250 istius
1642 3195 1875 3272 gaudii
1896 3195 2093 3250 brevis
2129 3197 2396 3268 impetus
2424 3214 2561 3251 eva--

619 3268 889 3331 nuisset,
923 3261 1293 3319 odiosiorem
1319 3281 1414 3319 me
1446 3263 1612 3318 uobis
1636 3263 1924 3319 redderet
1946 3262 2185 3330 reditus
2218 3267 2339 3319 mei
2367 3265 2559 3333 turpi.

623 3333 778 3392 tudo
797 3370 813 3401 ,
890 3350 1034 3387 uam
1079 3329 1362 3388 absentia
1391 3349 1529 3387 mea
1557 3329 2037 3388 desiderandum
2070 3327 2389 3402 effecisset.

717 3351 891 3458 Lle·
913 3398 1085 3456 Mihi
1103 3398 1346 3472 quidem
1361 3408 1596 3456 certum
1618 3401 1789 3455 estin
1814 3417 1888 3455 ea
1908 3401 2158 3471 civitate
2176 3420 2294 3454 non
2312 3401 2562 3474 degere,

623 3469 731 3526 ubi
743 3481 882 3542 post
899 3469 1252 3524 servitutem
1265 3469 1629 3539 Africanam
1648 3469 1797 3523 civis
1812 3466 2056 3523 honesti
2070 3467 2447 3540 dignitatem
2466 3478 2563 3524 tu-

624 3540 717 3592 eri
739 3555 860 3593 non
887 3543 1121 3604 potero.
1145 3544 1226 3602 et,
1236 3537 1296 3590 si
1314 3536 1585 3590 maxime
1604 3534 1847 3604 vellem,
1862 3533 2403 3608 prohiberetfides‚
2422 3557 2563 3611 pro-

622 3605 864 3662 hiberet
873 3601 1296 3678 jurisjurandi
1315 3621 1489 3660 sacer
1502 3602 1740 3670 horror,
1764 3604 2086 3660 numinum
2130 3621 2205 3659 ue
2226 3609 2563 3672 veneratio,

624 3696 626 3698 ’
663 3692 884 3730 uorum
925 3673 1376 3729 invocationem
1417 3679 1481 3726 et
1513 3671 1754 3730 reditus
1784 3674 1908 3729 mei
1940 3670 2026 3726 ad
2116 3690 2298 3728 oenos
2336 3675 2567 3747 pig-nus

611 3691 770 3819 Jeci,
801 3749 883 3810 et,
905 3742 962 3796 si
977 3737 1258 3812 pejerem.
1297 3756 1531 3813 poenae
1548 3759 1671 3798 non
1699 3759 1737 3798 a
1762 3760 1859 3796 me
1885 3747 2151 3802 tantum,
2186 3739 2297 3796 sed
2312 3744 2503 3798 ctiam
2524 3761 2565 3800 a

627 3809 797 3866 uobis
847 3807 1194 3882 populoque
1241 3809 1522 3865 Romano
1572 3807 1941 3878 repetendae
1989 3808 2288 3866 vindicem
2346 3811 2558 3866 timeo.

627 3879 788 3936 Sunt
822 3880 985 3933 enim
1017 3875 1292 3961 profecto
1336 3875 1581 3949 aliquid
1620 3878 1764 3943 Dii,
1818 3896 2011 3952 neque
2060 3873 2387 3964 pes-ariis,
2452 3886 2569 3936 aut

629 3954 982 4019 contemptu
1041 3945 1359 4001 hominum
1417 3950 1667 4018 impune
1708 3945 2044 4002 violantur.
2179 3967 2200 4002 ι
2284 3966 2379 4003 ms
2426 3965 2567 4002 vero

627 4031 802 4088 posse
837 4032 934 4071 me
965 4011 1272 4090 religione
1305 4015 1543 4072 exsolvi
1572 4021 1865 4072 autumat
1877 4033 1901 4084 ,·
1946 4033 2075 4072 esse
2105 4035 2214 4088 pro
2262 4018 2354 4073 ita
2385 4015 2569 4074 libris

631 4099 1284 4119 w

697 4123 1004 4196 Cap.LX1.
1039 4123 1276 4179 Poeanii
1296 4122 1679 4195 metaphrasis
1692 4125 1753 4180 in
1766 4125 2014 4202 Eutrop.
2084 4127 2227 4200 Cap.
2246 4125 2417 4182 Lxu.
2452 4125 2569 4182 En·

625 4201 792 4266 trop.
813 4192 853 4246 1.
876 4209 931 4247 π.
966 4191 1347 4248 Si1.1tal.l.6.
1386 4193 1664 4249 Zonaras.
