2859 4717
621 248 738 314 ηδ
773 244 1326 313 anmstmml
1357 238 2190 307 SUPPLEMRHTORUM.
2232 238 2379 301 Lin.
2400 236 2511 308 Ἦ.

615 454 816 531 rectis
861 472 944 513 ue
975 447 1254 513 consiliis
1281 451 1372 511 ita
1401 449 1761 533 composuit
1790 465 1999 513 motus
2020 494 2037 526 ,
2083 466 2153 515 ut
2184 470 2317 511 non
2342 449 2554 511 mino-

617 538 799 600 ribus
819 472 1054 595 'linaiis
1089 552 1315 593 eorum
1335 572 1352 605 ,
1399 530 1701 594 adversus
1738 553 1902 616 quos
1929 547 2198 595 venerat
2218 572 2235 605 ‚
2302 551 2487 615 qnam
2512 546 2555 591 ι

315 616 546 675 Pudor
621 618 854 703 quibus
903 614 1216 676 adductus
1263 612 1512 687 fuerat,
1600 628 1865 695 praetor
1910 614 2244 696 Syracusis
2300 630 2563 674 creare·-

281 698 522 747 “Cflwro
620 715 746 764 tur·
1385 712 1393 723 ’
2170 688 2179 709 ¹

744 776 915 845 XIV.
967 778 1096 837 Hic
1131 794 1326 851 vero,
1391 774 1793 858 reipublicae
1842 776 2062 836 curam
2108 790 2180 838 ut
2224 796 2376 838 suae
2416 791 2561 841 toto

621 858 834 924 animo
863 858 1232 941 complexus
1255 900 1274 931 ‚
1317 878 1514 941 quum
1549 877 1586 916 a
1618 857 1815 941 longo
1848 856 1972 936 jam
2004 856 2299 942 tempore
2331 859 2566 921 vitium

623 940 786 1005 istud
822 941 892 1003 in
923 939 1148 1002 Sicilia
1179 938 1515 1001 inoleviss'e
1551 952 1888 1010 cerneret,
1932 950 2023 1008 ut,
2068 938 2323 1022 quoties
2358 940 2563 1025 magi-

623 1023 848 1087 stratus
889 1022 1108 1105 copias
1151 1020 1537 1089 eduxilrenn
1596 1020 1703 1079 vel
1744 1020 1815 1085 in
1870 1021 2161 1081 exercitu
2194 1021 2571 1087 turbaretur

625 1101 904 1187 aliquid,
951 1102 1060 1165 vel
1101 1099 1277 1163 domi
1327 1121 1637 1161 novarum
1690 1120 1912 1162 rerum
1958 1114 2167 1162 motus
2210 1102 2562 1177 orirentur,

626 1183 1122 1266 circumspicere
1169 1182 1448 1265 aliquem
1487 1200 1607 1243 coe
1653 1181 1739 1255 it,
1816 1181 1921 1243 cui
1969 1199 2078 1241 res
2110 1180 2383 1243 urbanas
2418 1196 2562 1245 tuto

627 1264 964 1337 crederet,
1011 1265 1070 1326 si
1115 1263 1368 1349 quando
1399 1263 1537 1345 ipse
1570 1284 1603 1323 a
1684 1262 1926 1326 bellum
1969 1262 2151 1322 exire
2188 1277 2562 1345 cogeretur.

625 1348 906 1409 Uxorem
937 1345 1142 1430 igitur
1177 1345 1358 1405 duxit
1394 1342 1589 1407 filiam
1620 1344 1951 1427 Leptinis,
1996 1343 2107 1426 qui
2134 1364 2235 1403 ma
2323 1366 2357 1405 a
2391 1345 2587 1407 inter„

629 1430 809 1510 cives
841 1427 1254 1497 auctoritate,
1300 1423 1405 1487 vir
1438 1424 1630 1487 etiam
1666 1424 2039 1509 cumprimis
2062 1423 2230 1486 hone
2282 1445 2357 1487 us
2378 1423 2571 1487 fidei-

336 1542 604 1597 uucm,
630 1530 757 1593 que
803 1521 994 1569 tenax
1025 1506 1398 1567 habebatur.
1482 1509 1573 1565 Ita
1660 1506 1900 1570 rovisis
1942 1502 2302 1567 domesticis
2342 1507 2569 1579 rebus,

286 1612 500 1663 riorum
525 1609 604 1658 in-
631 1589 932 1651 adversus
961 1586 1509 1648 mercenariorum
1541 1586 1609 1648 in
1640 1587 1939 1650 olentiam
1960 1585 2318 1647 remedium
2342 1606 2577 1657 necea-⁴

291 1677 571 1730 solentiam
633 1670 868 1733 sarium
893 1670 1118 1751 magis,
1153 1688 1340 1751 quam
1369 1686 1831 1751 usquequaque
1862 1666 2203 1740 laudabile,
2250 1686 2576 1730 commen-

228 1778 232 1784 *
293 1744 552 1799 retmum.
629 1766 734 1813 tus
775 1748 882 1811 est.
965 1771 1147 1821 nam,
1219 1748 1454 1811 educto
1506 1762 1730 1809 contra
1782 1750 2202 1810 Mamertinos
2256 1750 2572 1823 exercitu,

481 1888 483 1897 .
633 1852 828 1917 quum
847 1831 952 1892 illi
974 1830 1161 1912 'juxta
1195 1829 1463 1891 Centuri
1510 1849 1578 1889 as
1612 1830 2051 1901 occurrissent,
2092 1830 2299 1890 aciem
2321 1828 2399 1889 ad
2420 1833 2579 1911 Cya-

309 1929 442 1983 1201·
454 1942 608 1981 ..s-5.
632 1911 954 1974 mosot-um
983 1930 1233 1973 amnem
1263 1910 1390 1971 hoc
1482 1910 1589 1970 olo
1628 1907 1953 1983 instruxit,
2012 1922 2115 1981 ut,
2174 1910 2350 1972 inter
2393 1913 2574 1973 cives

631 1993 1203 2075 mercenariosque
1249 1990 1595 2052 intervallo
1654 1991 1887 2053 relicto
1910 2032 1927 2065 ‚
2006 1989 2127 2051 hos
2166 1993 2572 2055 committere

631 2072 958 2157 proelium
1000 2072 1289 2153 juberet,
1350 2082 1667 2155 tamquam
1714 2071 1849 2153 ipse
1892 2090 2037 2132 cum
2072 2072 2335 2133 urbanis
2368 2075 2576 2157 signis

633 2154 757 2215 alia
791 2168 974 2237 parte
1023 2152 1402 2248 impeditum
1448 2164 1515 2212 et
1560 2150 1911 2213 districtum
1947 2150 2187 2214 hostem
2222 2154 2575 2217 invasurus.

635 2236 735 2297 ita.
753 2234 1136 2298 conductitii
1168 2229 1411 2311 majore
1443 2234 1968 2295 Mamertinorum
2004 2254 2275 2296 numero
2302 2236 2577 2297 circum-

634 2316 814 2378 venti
851 2316 1084 2378 cadunt
1105 2336 1126 2378 e
1183 2314 1320 2398 ipse
1339 2356 1359 2386 ,
1403 2312 1553 2375 dum
1580 2312 1810 2375 horum
1830 2316 2027 2377 caede
2061 2313 2439 2377 distinemur
2460 2315 2579 2376 hoss

634 2394 800 2539 ἔξω)
843 2398 1046 2461 otiose
1083 2408 1358 2479 tutoque
1389 2394 1807 2477 Syracusanas
1845 2398 2065 2481 copias
2096 2396 2166 2457 in
2203 2397 2432 2459 urbem
2472 2417 2580 2459 re-

681 2492 834 2541 ucit.
1824 2498 1833 2509 ⁸
2179 2492 2201 2499 ’

759 2582 904 2648 XV.
948 2582 1050 2645 Ad
1081 2582 1252 2645 hunc
1287 2576 1547 2640 modum
1580 2594 1929 2666 repurgato
1954 2624 1971 2656 ,
2018 2582 2175 2666 quid
2222 2582 2333 2645 uid
2364 2584 2433 2647 in
2458 2580 2579 2647 'ex-

642 2663 850 2725 ercitu
879 2684 1179 2749 aegrum,
1241 2675 1305 2726 et
1338 2661 1419 2722 ad
1461 2661 1815 2727 seditiones
1855 2683 2128 2746 pronum
2208 2680 2426 2738 uerat,
2470 2689 2584 2729 nr-

555 2750 568 2755 “
640 2744 872 2805 banum
912 2746 1185 2809 militem
1219 2741 1500 2807 studiose
1548 2758 1847 2807 exercet:
1904 2763 2103 2805 novas
2149 2746 2584 2811 mercenario-

639 2830 786 2886 rum
827 2827 1047 2911 copias
1081 2825 1418 2890 conducit:
1486 2836 1676 2909 atque
1703 2826 1789 2887 ita
1810 2868 1825 2898 ‚
1870 2814 2322 2889 Benevolentia
2350 2830 2585 2891 multo·

641 2926 785 2966 rum
820 2923 1212 2992 comparata,
1257 2920 1511 2970 remoto
1548 2905 1955 2970 audacimmo
1988 2929 2267 2993 quoque,
2310 2908 2593 2993 reliquis

641 2984 946 3051 adversus
975 2992 1280 3051 armatum
1305 3002 1370 3051 et
1401 2988 1715 3053 intentum
1751 2988 1985 3049 mutire
2020 3010 2149 3049 non
2179 2989 2377 3063 ausis,
2402 2990 2585 3074 prin-

643 3066 924 3153 cipatum
960 3068 1272 3132 arbitratu
1301 3090 1418 3131 suo
1452 3066 1858 3131 administrat.
1914 3072 2167 3133 Interea
2192 3070 2580 3145 Mamertini,

342 3167 473 3219 cu„
497 3166 621 3221 η..
641 3150 893 3211 recenti
924 3150 1199 3212 victoria
1233 3150 1619 3223 ferociores,
1668 3150 2083 3235 contemptim
2115 3164 2306 3236 atque
2337 3165 2584 3214 temere

308 3236 551 3287 mertinis
645 3230 1183 3312 Syracusanorum
1201 3228 1364 3294 fines
1383 3230 1875 3327 populabantur.
1928 3230 2252 3295 Adversus
2283 3231 2405 3296 hos
2426 3232 2587 3295 Hie-

309 3302 522 3358 *Mum
641 3332 720 3373 ro
741 3354 757 3386 ,
797 3312 927 3395 jam
963 3312 1217 3376 civibus
1252 3326 1319 3375 et
1357 3313 1552 3376 mihti
1580 3310 1824 3388 fidens,
1891 3312 2333 3375 incunctanter
2358 3335 2587 3376 effres-

646 3412 792 3467 sus,
841 3392 921 3454 ad
967 3393 1163 3477 ipsam
1190 3392 1463 3461 hostium
1496 3394 1755 3469 urbem,
1801 3393 2070 3456 dimiffis
2112 3395 2335 3477 pass'im
2369 3360 2583 3478 globis

643 3472 789 3534 fere
815 3494 1114 3547 vacuam,
1156 3474 1349 3538 castra
1383 3474 1617 3560 posuit.
1679 3474 1862 3553 cuius
1895 3473 2227 3552 intellecto
2264 3474 2585 3537 discrimi-

643 3572 727 3614 ne
754 3596 771 3628 ,
816 3555 1186 3617 Mamertini
1217 3555 1296 3618 ad
1337 3556 1673 3620 ferendam
1707 3558 1841 3619 suis
1880 3575 2072 3641 opem
2106 3555 2411 3639 expedito
2440 3577 2584 3619 cum

645 3636 900 3719 agmine
945 3637 1225 3721 impigre
1273 3652 1713 3701 accurrerunt.
1796 3638 2041 3710 Hier0,
2098 3638 2289 3699 motis
2324 3658 2403 3699 ex
2428 3656 2584 3732 agro

645 3718 1030 3779 Mamertino
1064 3716 1304 3794 castris,
1341 3720 1542 3801 Mylas
1567 3720 1817 3790 urbem,
1861 3731 1927 3781 et
1949 3719 2016 3779 in
2046 3737 2119 3779 ea
2142 3716 2380 3781 milites
2408 3716 2585 3779 mille

648 3798 1039 3882 quingentos
1069 3818 1141 3860 ca
1191 3800 1279 3864 it:
1351 3800 1505 3863 inde
1526 3844 1543 3875 ,
1603 3792 1874 3863 castellis
1912 3799 2157 3883 aliquot
2184 3800 2328 3862 aliis
2358 3797 2585 3883 raptim

647 3879 892 3963 potitus
913 3923 930 3954 ,
977 3880 1139 3942 Ame
1172 3882 1342 3943 elum
1375 3881 1707 3966 procedit,
1752 3878 1967 3941 medio
1991 3880 2163 3941 inter
2190 3880 2493 3963 Agyrium
2522 3890 2588 3941 et
2620 3901 2625 3910 ·

649 3962 1034 4047 Centuripas
1075 3962 1222 4025 loco
1263 3964 1477 4026 situm.
1559 3962 1633 4025 Id
1669 3980 1927 4047 quoque
1950 4004 1969 4037 ,
2026 3960 2187 4025 licet
2216 3956 2586 4024 munitioni·

715 4116 858 4191 Cap.
879 4115 1007 4177 XV.
1042 4114 1219 4189 mod,
1241 4116 1443 4191 Eclog.
1468 4114 1509 4171 1.
1532 4134 1620 4205 aa.
1742 4202 1759 4216 .
2204 4106 2219 4135 ³

333 3696 498 3753 Urbes
507 3696 620 3751 al?-

303 3777 429 3834 qum
473 3781 622 3819 oecu-
