2859 4717
667 266 781 329 138
815 268 1390 361 1κἺὶΕΙΝὸῌΕξῙΙῙ
1415 266 2233 331 SUPPLEMENTORUM
2264 270 2543 333 Lm.V1.

326 470 598 540 U·0·439·
779 474 1069 535 XXXIX.
1111 476 1324 535 Porro
1359 472 1511 533 dum
1540 474 1607 534 in
1652 475 1873 536 Sicilia
1906 474 2205 537 Claudius
2238 474 2613 535 Hieronem

661 567 730 617 ct
757 556 1020 617 Poenos
1049 554 1250 617 vincit
1270 594 1288 625 ,
1325 552 1719 617 obfidionem
1744 554 2231 619 Volsiniensium
2256 554 2333 616 ad
2356 556 2609 615 exitum

612 634 928 715 ¹*deduxit
967 634 1128 695 alter
1159 634 1378 701 consul
1409 640 1498 696 M.
1528 636 1817 709 Fulvius,
1860 639 1971 721 qui
2006 638 2321 707 homines,
2371 634 2610 695 adver-

665 738 774 781 sus
806 717 936 779 vim
985 715 1435 798 desperatione
1474 715 1761 789 validos,
1820 718 2035 812 inopia
2072 738 2289 779 rerum
2318 717 2609 779 necell’a-

366 834 602 887 pom-m·-
664 798 902 859 riarum
937 810 1002 857 et
1029 796 1198 859 fame
1235 796 1501 859 domuit.
1585 800 1777 859 Facta
1812 799 2144 861 deditione
2174 800 2487 881 ingratum
2520 798 2609 857 il-

323 901 642 969 mfiumsff,
665 878 776 939 lud
807 889 874 939 et
909 874 1192 939 insolens
1227 877 1677 939 libertinorum
1712 880 1940 963 vulgus
1994 900 2137 940 cum
2172 880 2457 940 cruciatu
2501 878 2612 938 in-

324 976 380 1023 ω’
409 974 641 1041 puniun-
667 973 870 1021 terem
917 972 1050 1019 tum
1083 957 1211 1023 este
1274 960 1433 1021 urbs
1466 956 1657 1019 etiam
1684 959 1819 1042 ipsa
1850 960 2095 1022 diruta:
2168 955 2409 1042 reliqui
2442 958 2613 1021 Vol-

327 1052 447 1093 tur.
667 1040 876 1103 sinien
925 1060 1068 1113 um,
1139 1056 1207 1103 et
1239 1041 1413 1124 quod
1458 1060 1793 1109 servorum
1838 1039 2029 1102 fidem
2064 1055 2255 1123 atque
2294 1058 2615 1101 reveren·

535 1168 548 1187 ,
663 1121 814 1181 tiam
847 1141 1000 1203 erga
1031 1122 1328 1185 dominos
1359 1143 1491 1183 non
1522 1136 1807 1194 exuerat,
1850 1122 1915 1182 in
1952 1124 2285 1188 attributas
2318 1121 2473 1181 alibi
2496 1140 2611 1179 se·

665 1200 779 1263 des
817 1203 1276 1299 migraverunt.
1360 1205 1505 1265 Hoc
1544 1222 1799 1300 quoque
1835 1204 2073 1265 bellum
2096 1204 2355 1284 dignum
2376 1202 2610 1261 trium-

710 1281 796 1343 ho
827 1282 1028 1345 vilum
1059 1282 1186 1346 est:
1249 1304 1521 1367 eumque
1556 1286 1775 1346 conlul
1792 1286 1871 1346 A.
1888 1287 1971 1345 1).
1990 1282 2303 1345 Kalendas
2324 1286 2613 1344 Novem-

659 1305 814 1425 Bres
837 1406 853 1437 ,
899 1378 1212 1449 tamquam
1249 1365 1328 1427 de
1360 1364 1885 1438 Volfinienfibus‚
1930 1366 2087 1449 egit.

369 1540 435 1593 ι..
477 1541 489 1553 .
781 1492 920 1551 XL.
963 1490 1198 1552 Iisdem
1241 1490 1605 1551 consulibus
1643 1514 1678 1551 a
1714 1494 1827 1553 Cn.
1863 1490 2165 1553 Cornelio
2189 1530 2207 1561 ‚
2256 1490 2337 1553 C..
2353 1484 2609 1549 Marcio

323 1554 590 1671 “52:³2
661 1570 1037 1635 censoribus
1082 1570 1338 1631 lustrum
1389 1572 1752 1636 conditum:
1822 1572 2004 1635 censa
2051 1584 2197 1631 sunt
2230 1568 2465 1629 civium
2502 1588 2612 1627 ca-

325 1692 596 1731 uma„
659 1652 794 1737 pita
821 1651 1092 1713 ducenta
1118 1654 1459 1735 nonaginta
1480 1654 1604 1713 duo
1626 1654 1844 1725 millia,
1898 1653 2167 1713 ducenta
2195 1648 2428 1731 viginti
2452 1670 2611 1731 qua-

659 1748 846 1795 tuor:
902 1754 1204 1795 numerus
1243 1754 1394 1794 sane
1425 1754 1687 1815 magnus
1719 1748 1785 1797 et
1818 1730 2287 1817 propemodum
2320 1724 2611 1790 incredi-

659 1809 848 1893 bilis,
908 1826 1004 1873 tot
1045 1814 1364 1875 bellorum
1396 1838 1428 1873 a
1464 1816 1691 1881 mimis
1732 1816 1939 1877 ferme
1971 1814 2152 1875 urbis
2190 1810 2394 1872 initiis
2422 1816 2611 1869 nuin-

663 1914 852 1987 qnam
881 1894 1248 1954 cessantium
1277 1890 1577 1954 continua
1622 1896 2001 1956 detrimenta
2025 1937 2041 1967 ‚
2094 1907 2192 1967 tot
2212 1914 2291 1953 ex
2308 1889 2612 1974 pestilen-

661 1988 750 2034 tia
780 1974 1153 2059 morbisque
1200 1975 1579 2035 saevissimis
1612 1998 1736 2035 non
1768 1977 2055 2036 minores
2090 1972 2346 2035 bellicis
2372 1970 2611 2053 strages

663 2054 995 2137 cogitanti.
1085 2058 1383 2117 Ceterum
1434 2055 1577 2115 aliis
1627 2056 1897 2139 aliisque
1945 2055 2218 2116 subinde
2250 2053 2509 2139 populis
2542 2050 2609 2111 in

663 2134 989 2197 civitatem
1033 2134 1427 2218 recipiendis
1454 2178 1471 2207 ‚
1546 2136 1721 2232 quod
1756 2135 2099 2199 institutum
2134 2158 2169 2196 a
2209 2134 2468 2197 Romuli
2510 2154 2609 2193 sa-

664 2216 907 2301 pientia
938 2216 1304 2299 proi'ectum
1346 2215 1582 2300 postem
1624 2216 1980 2279 constanter
2010 2230 2391 2285 tenuerunt,
2440 2212 2609 2275 invi-

665 2310 766 2359 cta
790 2297 1109 2381 nullisque
1133 2297 1420 2358 cladibus
1453 2299 1837 2383 superabilis
1859 2298 2087 2361 effecta
2104 2295 2191 2359 est
2208 2294 2612 2381 respublica:
2647 2333 2658 2355 .

348 2362 400 2419 P
393 2360 636 2445 ⁰1¹:R'm
667 2398 852 2463 quam
892 2398 1013 2439 nec
1047 2400 1080 2439 a
1111 2378 1360 2459 Pyrrho
1404 2377 1545 2440 data
1584 2379 1842 2455 damna,
1877 2401 2087 2464 neque
2122 2376 2453 2461 naufragia
2475 2375 2607 2437 sre-

326 2448 643 2555 2‘0325‘212']
667 2458 926 2544 quentia
994 2460 1158 2520 rimo
1199 2459 1450 2521 Punico
1486 2460 1681 2532 bello,
1728 2483 1938 2545 neque
1988 2458 2273 2523 secundo
2300 2455 2610 2518 'l‘rasiine-

327 2571 570 2623 σήπῃ,
665 2562 784 2601 nus
826 2553 892 2600 et
971 2560 1171 2601 annae
1251 2553 1554 2603 otuerunt
1586 2540 1915 2625 affligere,
1962 2544 2117 2626 quin
2154 2561 2233 2602 ex
2261 2540 2610 2599 incommo-

327 2639 524 2707 surgit.
667 2622 768 2685 dis
807 2622 940 2683 suis
978 2620 1182 2683 identi
1231 2639 1334 2683 em
1376 2622 1652 2685 alacrior
1688 2624 2107 2708 ferociorque
2140 2618 2532 2703 resurgeret.

343 2771 646 2840 Rerumpu-
783 2751 948 2811 xm.
999 2748 1090 2813 At
1119 2749 1189 2811 in
1223 2750 1499 2813 Graecia
1526 2751 2055 2823 Lacedaemonii,
2112 2750 2375 2813 militari
2420 2747 2607 2810 laude

331 2842 620 2901 micarum,
671 2846 737 2894 et
761 2832 893 2914 ipsi
921 2831 1342 2915 percelebres
1365 2875 1382 2905 ‚
1446 2853 1659 2917 neque
1691 2834 1973 2918 impares
2012 2836 2335 2895 Romanae
2362 2830 2609 2903 virtuti,

331 2922 573 2981 βαθῦν-
672 2912 970 2997 quoniam
1013 2912 1318 2975 arcebant
1358 2916 1747 2997 peregrinos
1772 2956 1789 2987 ,
1832 2934 1954 2976 nec
2000 2914 2379 2999 imperium,
2444 2910 2614 2994 quod

331 2988 450 3057 ‘⁴³2⁴
495 2990 642 3046 μη·
671 3006 1079 3077 pepererant,
1129 2994 1242 3054 diu
1262 3037 1278 3063 ‚
1323 3014 1534 3078 neque
1572 2995 1936 3057 libertatem
1966 3016 2140 3056 suam
2162 3012 2423 3078 semper
2444 2992 2611 3053 tueri

330 3054 649 3165 ⁸:2⁰³‚332f
671 3086 1039 3158 potuerunt.
1103 3074 1218 3134 sed
1255 3096 1451 3157 quum
1492 3078 1832 3138 Leuctrica
1862 3096 2077 3159 pugna
2112 3076 2287 3136 mille
2329 3092 2455 3135 non
2486 3092 2611 3132 am-

330 3130 648 3251 gffmumffi
673 3156 843 3240 plius
883 3156 1238 3239 Spartiatae
1277 3157 1649 3221 cecidiss'ent
1670 3200 1687 3230 ‚
1730 3160 2029 3241 protinus
2065 3156 2352 3239 potentia
2394 3153 2609 3215 civita-

334 3252 576 3320 paraeu'o.
673 3238 760 3298 tis
787 3236 1054 3298 corruit.
1103 3239 1340 3297 Iterum
1369 3238 1451 3298 ad
1478 3237 1795 3300 Sellaiiam
1821 3236 2476 3299 Lacedaemoniorum
2506 3254 2615 3294 sex

673 3318 886 3379 ferme
923 3314 1292 3379 deiideratis
1335 3319 1657 3392 millibus,
1716 3319 1917 3381 statim
1958 3318 2167 3379 amiss'a
2200 3318 2469 3378 libertas
2510 3313 2610 3376 est.

676 3398 920 3461 Achaei
953 3418 1154 3470 vero,
1214 3398 1502 3478 ejusdem
1557 3400 1995 3484 Peloponnesi
2032 3400 2315 3469 incolae,
2369 3396 2611 3457 vicinos

677 3498 902 3541 omnes
931 3497 1138 3562 aequo
1167 3478 1310 3559 jure
1345 3483 1695 3566 complexi,
1756 3480 2255 3565 pulcherrimam
2281 3476 2612 3539 constitue-

595 3590 606 3599 ·
679 3573 828 3620 runt
855 3559 1310 3642 rempublicam
1331 3606 1348 3635 ‚
1414 3577 1480 3624 et
1508 3564 1855 3623 mansuram
1878 3604 1893 3635 ,
1954 3562 2083 3622 nisi
2116 3564 2461 3621 Romanam
2502 3578 2611 3640 po-

677 3642 942 3701 tentiam
961 3684 978 3713 ‚
1027 3652 1162 3701 tum
1195 3640 1384 3703 etiam
1417 3646 1612 3727 longe
1641 3645 1895 3727 lateque
1936 3644 2353 3739 imperantem
2378 3685 2394 3714 ‚
2456 3640 2613 3699 insa-

679 3722 1168 3807 nia·paucorum
1197 3723 1262 3783 in
1293 3727 1649 3807 perniciem
1686 3748 1859 3788 suam
1886 3738 2259 3809 patriaeque
2276 3742 2615 3806 provocas·

685 3816 806 3864 set.
889 3806 1086 3887 Atqui
1135 3817 1261 3865 tam
1299 3807 1588 3868 diversus
1634 3823 1901 3870 eventus
1954 3804 2228 3867 instituta
2270 3818 2397 3865 tam
2448 3801 2612 3864 dim-

754 3952 899 4025 Cap.
921 3958 1170 4011 XXXIX.
1206 3955 1395 4010 Liv.E
1443 3956 1507 4009 it.
1532 3958 1614 4011 16.
1653 3960 1929 4011 Zonaras.
1948 3956 2093 4009 Fasti
2110 3954 2304 4025 Capit.
2342 3955 2485 4024 Gap.
2506 3954 2610 4009 XL.

687 4020 982 4099 Liv.Epit.
1011 4030 1088 4082 16.
1127 4028 1390 4098 Eutrop.·
1417 4046 1491 4080 .2.
1528 4023 1733 4079 Suidas
1747 4021 2337 4088 ἰηῬωμαίωνπόλῖς.
2378 4026 2514 4077 Tac.
2534 4046 2608 4080 11.

686 4091 840 4147 Ann-
857 4104 943 4162 ²4·
1011 4097 1156 4167 Cap.
1175 4098 1318 4151 xm.
1339 4094 1578 4163 Dionys.
1601 4096 1785 4149 Halic-
1808 4116 1859 4165 s,
1883 4114 1966 4167 17.
2000 4098 2153 4151 Plut.
2170 4094 2459 4168 inAssosil.
2476 4104 2608 4165 σφι).

686 4164 843 4220 Plut.
861 4167 922 4221 in
941 4166 1163 4223 Cleom.
1178 4184 1230 4221 c.
1245 4170 1337 4233 41.
1369 4162 1569 4217 Justin.
1586 4166 1675 4231 34,
1703 4183 1751 4217 1.
