2859 4717
216 2047 239 2084 Ι

211 2220 237 2258 ἶ·

350 844 419 896 L.
450 842 621 896 Caeci-

310 913 429 966 lius
459 911 620 964 vinci-

309 995 449 1034 eura
468 979 619 1032 Seno·

309 1050 494 1103 nibus.

651 229 732 294 30
786 229 1341 294 FREINSHEMII
1382 223 2198 289 SUPPLEMENTORUM
2225 225 2372 288 Lm.
2391 227 2469 288 11.

574 478 592 493 .
654 433 921 496 bet-ibus
954 432 1221 504 occisis,
1266 429 1512 491 imbelli
1549 431 1890 492 mulierum
1917 445 1984 494 et
2007 427 2356 516 puerorum
2383 434 2608 496 multi·

652 515 874 576 tudine
903 513 1169 576 abducta
1191 554 1210 586 ‚
1254 529 1441 595 quam
1475 512 1836 595 pauciffima
1871 511 2073 596 potest
2105 513 2363 575 humani
2383 516 2604 576 cultus

653 595 916 679 vestigia
938 596 1019 656 iis
1046 596 1112 661 in
1132 593 1297 654 locis
1328 593 1657 676 relinquit.
1696 595 2079 656 Britomaris
2104 608 2348 678 captus,
2392 609 2458 661 et
2487 617 2600 656 va-

652 677 1169 738 rio*cruciatuum
1188 693 1428 758 genere
1461 687 1668 735 tortus
1692 717 1709 748 ,
1753 675 1830 735 ad
1859 675 2248 758 triumphum
2278 690 2598 739 servatur.

650 761 781 819 Per
833 757 1095 820 eosdem
1128 756 1269 816 dies
1305 753 1598 838 haudqua
1687 777 1786 818 am
1813 757 1952 838 pari
1988 755 2242 818 fortuna
2285 778 2390 818 res
2423 757 2606 840 apud

653 840 979 900 Arretium
1002 835 1239 923 gestae.
1310 837 1606 919 L..Caeci
1635 839 1734 897 ius
1768 851 2027 922 praetor
2055 852 2199 900 ante
2233 840 2440 924 ipsum
2475 859 2600 921 op-

692 903 869 982 idun'i
896 939 1041 982 cum
1064 917 1425 982 Senonibus
1461 919 1885 1002 Etruscisque
1917 919 2184 980 adverso
2207 924 2412 983 Marte
2435 939 2594 980 con-

647 943 838 1063 flixit.
924 1003 1186 1096 Septem
1224 999 1467 1060 tribuni
1513 999 1786 1060 militum
1811 1042 1828 1072 ,
1891 999 2200 1083 multique
2251 1015 2597 1085 praeterea

647 1083 938 1166 insignes
968 1081 1093 1152 viri
1115 1101 1256 1144 cum
1282 1081 1419 1176 ileo
1451 1092 1754 1174 praetore
1785 1081 1954 1142 caesi
1981 1094 2164 1144 suntz
2208 1101 2289 1146 ex
2313 1082 2594 1144 leoioni-

646 1163 767 1224 bus
814 1177 878 1226 et
922 1163 1172 1225 auxiliis
1214 1161 1542 1224 bominum
1585 1161 1785 1223 millia
1821 1163 1968 1246 plus
2011 1161 2222 1242 minus
2271 1129 2595 1226 tredecim

648 1242 1018 1342 defiderata.
2223 1260 2228 1268 ’

765 1395 870 1454 111.
916 1389 1049 1455 Sed
1071 1392 1282 1454 minor
1314 1391 1480 1488 apud
1511 1391 1730 1455 Gallos
1761 1389 1947 1532 hujus
1976 1391 2290 1456 victoriae
2312 1391 2588 1472 laetitia,

646 1495 833 1558 quam
853 1518 870 1548 ,
916 1475 1174 1558 cognito
1213 1488 1456 1557 patriae
1486 1473 1741 1535 excidio
1769 1516 1786 1546 ,
1871 1487 2052 1534 uetus
2083 1489 2272 1558 atque
2304 1471 2591 1537 conster-

644 1557 818 1617 natio
845 1554 990 1624 fuit.
1054 1555 1414 1616 Contractis
1439 1597 1458 1629 ,
1502 1555 1613 1638 qui
1641 1555 1879 1638 ubique
1907 1574 2026 1638 per
2051 1556 2379 1618 Etruriam
2415 1555 2587 1616 mili·-

644 1635 895 1709 tabant,
941 1635 1398 1731 popularibus,
1461 1633 1756 1696 homines
1802 1634 1934 1695 irae
1987 1656 2058 1698 ac
2106 1635 2353 1700 doloris
2381 1639 2586 1721 pleni,

646 1715 885 1780 confilii
917 1737 1057 1800 spei
1106 1737 1185 1778 ue
1219 1717 1486 1798 inopes,
1533 1739 1728 1800 quum
1765 1715 2007 1789 -sedes,
2053 1718 2284 1800 quibus
2329 1721 2464 1780 reci
2513 1740 2588 1780 e-

646 1813 903 1871 rentur,
964 1739 1167 1858 nullas
1208 1817 1476 1879 usquam
1517 1796 1867 1872 haberent,
1927 1798 2109 1882 quasi
2148 1797 2280 1860 fato
2311 1821 2436 1883 quo
2485 1818 2592 1863 am

397 1872 620 1926 ⁴5⁶⁰·ss
647 1882 721 1942 ad
753 1879 1015 1940 exitium
1037 1899 1151 1940 eos
1179 1877 1506 1952 trahente,
1547 1881 1812 1939 Romam
1838 1878 2156 1962 pergendi
2180 1879 2437 1964 capiunt
2464 1881 2588 1941 im-

394 1938 443 1990 Β
450 1955 563 1991 omn
570 1955 619 1991 ne

368 2018 617 2079 pergunt.

356 3246 607 3300 Senonum

294 3317 441 3368 natio
467 3316 605 3368 exci-

294 3383 464 3439 ditur.

644 1974 900 2044 petum:
922 1981 1025 2020 non
1046 1959 1208 2019 aliter
1236 1963 1445 2041 patriae
1459 1959 1592 2040 ficae
1619 1957 1971 2036 vastatoribus
2000 1961 2222 2040 rependi
2235 1965 2402 2020 vicem
2415 1959 2587 2044 poffb,

681 2061 803 2100 uam
826 2045 875 2100 si
900 2039 1083 2102 urbem
1106 2041 1338 2122 ipsorum
1357 2039 1531 2119 Jt'rm'li
1549 2039 1698 2100 clade
1729 2041 1997 2124 adfictam
2019 2045 2223 2101 intueri
2243 2062 2584 2123 cogerentur.

642 2063 833 2202 {leque
866 2121 1157 2182 minoribus
1184 2124 1376 2182 animis
1402 2118 1710 2202 viribusque
1727 2164 1746 2196 ‚
1783 2115 1968 2198 cauffis
1990 2125 2150 2182 etiam
2172 2121 2491 2197 acrioribus,
2531 2123 2588 2184 rb
2673 2138 2687 2150 '

638 2208 866 2262 Arretio
888 2201 1109 2262 Romam
1124 2219 1329 2284 petere,
1373 2221 1532 2283 quam
1552 2202 1780 2280 majores
1793 2201 1910 2284 fici,
1954 2201 2020 2264 ab
2049 2203 2287 2282 ejusdem
2317 2205 2588 2264 Etruriae

636 2284 828 2363 oppido
868 2283 1051 2344 Clusio
1081 2283 1307 2364 proficti
1330 2325 1347 2356 ‚
1394 2283 1624 2342 eamdem
1650 2283 1800 2343 illam
1835 2281 2019 2344 urbem
2054 2281 2393 2379 occupqffint.
2454 2285 2580 2348 His

638 2363 812 2426 inter
847 2385 917 2426 se
946 2363 1228 2426 'vocibus
1274 2361 1584 2437 instincti,
1627 2359 1856 2440 ru'unt3
1915 2379 2136 2426 natura
2172 2364 2584 2448 impatientes

638 2465 877 2522 morae,
924 2459 1171 2519 ettum,
1217 2459 1287 2507 ut
1321 2445 1611 2506 incautos
1647 2443 1855 2506 hostes
1887 2447 2350 2528 opprimerent,
2389 2449 2584 2509 ctiam

642 2525 900 2588 consilio
935 2526 1227 2611 properi.
1286 2524 1416 2588 Sed
1447 2546 1571 2608 per
1598 2523 1886 2588 hostilem
1923 2521 2256 2609 regionem
2285 2527 2584 2590 ducenti-

637 2606 759 2668 bus
788 2607 961 2669 varia
1000 2606 1452 2690 impedimenta
1482 2607 1728 2688 objecta
1764 2621 1934 2669 sunt:
1990 2608 2388 2694 spatiumque
2428 2607 2577 2684 fuit,

639 2707 767 2772 quo
796 2685 1133 2771 provideri
1158 2686 1462 2752 adversus
1496 2686 1665 2750 hunc
1695 2688 2028 2750 tumultum
2064 2689 2290 2772 poss'et.

758 2795 869 2858 lv.
896 2796 987 2856 Ita
1003 2795 1255 2875 rejecti,
1298 2795 1450 2856 dum
1465 2813 1587 2876 per
1604 2793 1825 2876 ignota
1841 2804 1907 2854 et
1927 2791 2149 2856 infesta
2175 2795 2386 2855 omnia
2403 2794 2582 2856 nulla

636 2889 811 2938 certa
840 2873 1252 2938 destinatione
1274 2889 1614 2958 vagantur,
1659 2876 1724 2936 in
1747 2874 2100 2936 Domitium
2125 2875 2448 2937 consulem
2475 2877 2578 2936 in-

636 2956 889 3017 cidunt:
914 2959 1337 3040 protinusque
1373 2977 1516 3016 cum
1545 2973 1624 3016 eo
1653 2955 1994 3018 conserunt
2019 2977 2262 3018 manus.
2307 2955 2440 3016 Sed
2459 2955 2576 3016 ad-

638 3038 859 3100 versus
908 3040 1235 3116 rationem,
1263 3051 1453 3120 atque
1513 3036 1918 3119 disciplinam
1961 3036 2192 3098 infelix
2241 3037 2578 3097 temeritas

632 3117 779 3181 fuit.
840 3121 1095 3182 Occisis
1142 3120 1211 3180 in
1257 3117 1514 3202 proelio
1547 3117 1796 3191 multis,
1855 3117 1980 3180 reli
2025 3117 2090 3176 ui
2126 3116 2575 3199 desperatione

633 3214 823 3296 atque
863 3201 1043 3263 rabie
1092 3200 1381 3272 accensi,
1443 3198 1726 3272 ferrum,
1784 3198 1958 3282 quod
1983 3139 2216 3260 ⁴frustra
2252 3197 2318 3258 in
2361 3195 2574 3261 hostes

634 3279 1045 3358 strinxerant,
1106 3284 1241 3344 suis
1274 3278 1658 3365 corporibus
1691 3279 2130 3342 admoverunt.
2201 3282 2291 3340 lta
2327 3275 2574 3340 floren-

627 3363 917 3424 tiffimam
951 3363 1143 3426 modo
1172 3363 1492 3426 nationem
1523 3361 1610 3428 ⁴ol>
1637 3361 1850 3424 scelus
1876 3359 2364 3422 interfectorum
2394 3360 2574 3449 lega-
2635 3401 2652 3422 2

514 3479 523 3500 .
626 3455 839 3504 torum
874 3457 1005 3505 tam
1036 3447 1225 3507 velox
1262 3459 1518 3525 tamque
1559 3441 1910 3504 vehemens
1951 3441 2117 3506 ultio
2147 3439 2571 3534 comprehen-

630 3521 761 3596 dit,
805 3538 875 3585 ut
902 3527 1148 3610 aliquot
1181 3523 1489 3588 mensium·
1523 3521 1862 3586 intervallo
1890 3522 2146 3606 penitus
2183 3521 2387 3582 excisa
2409 3563 2426 3594 ,
2468 3523 2570 3582 in·

628 3617 733 3666 ter
760 3619 1013 3687 gentes,
1058 3627 1323 3690 quarum
1342 3607 1482 3688 jura
1514 3605 1890 3676 violaverat,
1931 3602 2253 3666 numerari
2286 3601 2567 3664 deflerit.

626 3689 785 3748 Nam
812 3701 877 3748 et
906 3709 1139 3772 parvae
1176 3689 1501 3751 Senonum
1535 3685 1848 3770 reliquiae
1869 3727 1888 3758 ,
1933 3705 2093 3769 quae
2123 3683 2199 3744 ad
2223 3682 2440 3764 Boios,
2469 3684 2568 3744 vi·

628 3765 835 3828 cinam
868 3783 934 3830 et
964 3769 1493 3852 consanguineam
1527 3782 1787 3851 gentem
1807 3809 1826 3841 ‚
1887 3787 1959 3829 se
1989 3777 2369 3847 receperant
2390 3808 2406 3836 ,
2453 3785 2569 3826 eo-

624 3848 768 3909 dem
822 3870 989 3911 anno
1042 3873 1077 3910 a
1130 3851 1464 3912 Dolabella
1515 3847 1774 3912 consule
1820 3844 2266 3912 internecione
2316 3845 2568 3908 deletae

690 4000 834 4070 Gap.
862 4000 937 4052 11.
976 3997 1297 4071 Appiana..
1328 3996 1733 4052 mammon.
1765 3995 1922 4062 ms.
1973 3994 2178 4066 Polyb.
2207 3951 2366 4059 ’,ἐφ
2415 3991 2568 4063 Aug.

558 4084 563 4093 ·
621 4066 694 4121 de
710 4069 837 4123 Civ.
858 4067 969 4120 Dei
999 4087 1049 4132 s,
1086 4085 1165 4135 ¹7·
1204 4067 1378 4120 Oros.
1412 4067 1468 4132 3,
1491 4085 1581 4124 22·
1653 4066 1797 4136 Cap.
1823 4063 1926 4122 111.
1960 4063 2280 4138 Appimns.
2310 4061 2566 4160 Eun-op.

618 4137 660 4190 1.
684 4155 734 4192 a.
774 4136 1093 4208 Appianas.
1166 4135 1311 4207 Cap.
1344 4136 1450 4190 lv.
1487 4135 1652 4188 Flnr.
1671 4151 1720 4200 ι,
1741 4135 1824 4192 23.
