2859 4717
2061 61 2075 77 χ
2106 74 2139 89 ἡ

637 248 748 311 i7a
792 220 1350 292 FREINSHEim
1389 228 2227 331 SURPLEMENTORUM,
2245 230 2569 297 Lmvm.

295 433 569 502 U·⁴²·¹i97·
629 434 857 499 tandae
893 456 1044 519 spes
1079 434 1336 507 forent,
1383 434 1524 496 sive
1560 434 1795 497 alicubi
1831 434 2303 499 exsceufionem
2332 432 2479 495 fieri
2507 450 2579 495 o-·

325 530 576 580 Consules
629 531 944 602 poi-teret,
989 513 1315 579 confilium
1347 516 1416 575 in
1450 536 1531 577 ex
1620 517 1757 578 dito
1796 518 2125 579 haberent.
2190 520 2431 599 Itaque,
2458 537 2578 597 pu-

291 598 500 677 ctaffm
520 596 600 648 δ”·
629 598 1014 683 gnaciss'imis
1047 596 1410 681 quibusque
1433 598 1521 658 mi
1550 612 1705 659 itum
1730 600 1797 660 in
1829 620 2025 661 naves
2058 596 2389 681 impolitis,
2420 616 2574 680 qua·-

289 668 498 719 ⁰¹⁴¹¹⁴⁸³⁰
627 694 777 741 tuor
805 679 1060 753 class'es,
1117 693 1436 762 tamquam
1474 678 1762 760 ejusdem
1808 680 2143 743 universae
2184 684 2403 763 partes
2446 689 2576 737 tot-

629 760 823 833 idem,
849 760 1111 821 i'aciunt.
1175 758 1502 841 legionem
1586 762 1809 821 rimam
1844 762 1911 821 in
1942 761 2150 845 prima
2178 758 2389 831 classe,
2418 757 2573 819 duas

629 854 976 926 sequentes
1000 828 1228 906 ordine
1253 859 1383 901 suo
1413 860 1537 901 con
1592 842 1831 905 ituuut:
1890 842 1961 903 in
2006 855 2229 927 quai-ta
2258 841 2578 925 collocant

625 924 910 985 triarios.
972 924 1104 983 Has
1153 922 1372 1004 copias
1409 922 1497 982 ita
1540 924 1927 1007 disponunt,
1982 936 2052 983 ut
2090 922 2361 1005 singulis
2394 921 2575 983 navi-

611 999 746 1067 ‘bus
785 1000 1034 1069 treceni
1069 1002 1354 1085 remiges
1375 1046 1392 1075 ,
1462 1004 1703 1067 milites
1742 1026 1903 1075 vero
1938 1004 2195 1065 centeni
2230 1004 2441 1065 viceni
2460 1006 2575 1097 252².-

625 1084 876 1146 bantur.
919 1084 1009 1147 ita
1039 1104 1344 1146 numerus
1367 1084 1695 1145 hominum
1712 1088 1779 1146 in
1798 1085 2093 1146 universa
2114 1084 2305 1172 plass'e
2334 1084 2411 1144 ad
2428 1084 2576 1143 mil-

624 1166 710 1227 lia
746 1164 1002 1231 centum
1031 1165 1451 1250 quadraginta
1481 1167 1847 1229 accedebat.
1892 1169 2080 1227 Hunc
2103 1185 2435 1225 numerum
2456 1163 2573 1224 ali·

308 1246 598 1299 Poenorum
626 1260 861 1331 quanto
900 1246 1284 1333 superabant
1330 1248 1576 1321 Poeni,
1640 1248 1785 1333 plus
1823 1263 2089 1310 centum·
2114 1245 2576 1331 quinquaginta

283 1308 556 1369 '‘dmm'‘-
621 1328 908 1389 millibus
949 1327 1278 1390 hominum
1307 1327 1721 1390 adducentes.
2322 1366 2329 1371 -

742 1462 847 1521 111.
891 1464 978 1522 Et
997 1460 1273 1523 militum
1293 1460 1554 1553 quidem
1589 1478 1794 1543 genus
1816 1480 1973 1544 prae
2005 1450 2137 1520 suis
2164 1456 2349 1542 parvi
2369 1454 2571 1517 facie·

620 1540 773 1601 bant
809 1536 1125 1606 consules.
1209 1544 1416 1620 Major
1462 1562 1537 1603 ea
1584 1541 1967 1603 deliberatio
2019 1554 2195 1611 erat,
2268 1559 2462 1621 quum
2500 1536 2570 1597 in

621 1623 749 1683 alto
777 1624 938 1682 mari
971 1621 1381 1707 pugnandum
1407 1621 1554 1685 sore
1586 1636 1950 1707 appareret,
1995 1621 2109 1681 ubi
2140 1618 2439 1681 celeritas
2458 1640 2571 1679 na-

321 1731 457 1785 ord,
493 1730 594 1784 R„
621 1703 793 1763 vium
818 1716 884 1764 et
910 1706 1412 1785 gubernatorum
1444 1718 1616 1766 artes
1652 1704 1999 1789 plurimum
2028 1702 2264 1773 valent,
2310 1720 2438 1797 quo
2463 1720 2572 1761 or·

283 1816 570 1853 mamm,-
611 1784 771 1844 dine
801 1784 1102 1845 adversus
1139 1782 1298 1844 istud
1333 1783 1681 1847 discrimen
1726 1784 2037 1868 aptiffime
2070 1802 2369 1865 componi
2396 1783 2571 1844 acies

193 1880 196 1883 ·
281 1870 518 1921 navium.
578 1890 594 1914 ·-
618 1864 842 1947 poffet.
885 1862 1202 1945 postremo
1232 1867 1547 1926 rationem
1580 1864 1981 1927 instruendae
2019 1864 2223 1927 claffis
2256 1862 2444 1924 talem
2470 1865 2573 1925 in·
2668 1936 2678 1944 ι

621 1958 794 2008 eunt.
857 1946 1150 2007 Hexeres
1199 1944 1392 2019 duas,
1512 1946 1699 2007 uibus
1752 1946 2046 2009 consules
2082 1944 2213 2029 ipsi
2247 1942 2571 2007 veheban-

618 2038 765 2096 tur,
830 2026 1075 2111 pariter
1108 2028 1174 2087 in
1213 2026 1430 2088 fronte
1530 2040 1785 2088 atuunt:
1848 2026 2106 2109 utrique
2154 2024 2379 2087 harum
2412 2026 2566 2087 hinc

618 2104 884 2188 primam
909 2148 926 2179 ‚
971 2106 1124 2167 inde
1159 2106 1504 2169 secundam
1537 2108 1788 2169 class'em
1812 2108 2005 2191 longa
2042 2122 2107 2169 et
2148 2107 2429 2205 simplici
2465 2129 2570 2171 se·

617 2186 718 2246 rie
746 2188 1124 2260 adnectunt,
1173 2188 1262 2249 ita
1294 2190 1647 2251 conlocatis
1685 2188 1971 2261 navibus,
2020 2203 2091 2250 ut
2111 2208 2390 2250 omnium
2458 2210 2567 2251 ro-

617 2287 731 2327 rae
765 2268 941 2330 foras
978 2262 1296 2330 obversae
1335 2270 1573 2349 effent3
1614 2270 2045 2354 'hexeresque
2096 2268 2411 2355 propemo
2460 2292 2569 2333 um

620 2348 996 2430 conjunctae
1047 2349 1256 2423 irent,
1322 2353 1655 2434 proximae
1692 2352 1794 2413 his
1836 2352 2092 2435 longius
2146 2352 2319 2413 inter
2356 2374 2427 2414 se
2467 2351 2567 2413 di·

621 2429 1087 2511 grederentur3
1155 2446 1345 2514 atque
1386 2432 1473 2493 ita
1521 2433 1828 2515 deinceps
1872 2433 2155 2517 spatium
2206 2430 2379 2494 inter
2408 2434 2568 2496 duas

621 2512 951 2606 oppositas
968 2532 1163 2573 naves
1185 2514 1484 2574 relictum
1511 2534 1653 2575 cum
1672 2513 1832 2599 ipsis
1857 2513 2195 2576 ordinibus
2212 2529 2564 2577 cresceret.

621 2591 731 2665 Sic
757 2592 1022 2655 minimo
1054 2593 1228 2657 inter
1261 2595 1499 2677 primas
1529 2616 1726 2658 naves
1754 2639 1769 2668 ,
1823 2596 2095 2657 maximo
2130 2596 2570 2681 inter'postre-

617 2686 751 2732 mas
787 2673 1126 2736 intervallo
1148 2718 1164 2748 ,
1271 2696 1421 2755 uum
1460 2698 1539 2738 ex
1576 2676 1817 2738 duabus
1855 2675 1985 2737 istis
2030 2674 2323 2738 class'ibus
2354 2678 2569 2740 forma

619 2768 923 2817 cuneatae
958 2754 1122 2817 aciei
1162 2778 1198 2819 e
1255 2770 1394 2818 ecta
1431 2758 1621 2831 effet,
1670 2759 1927 2819 tertiam
1969 2756 2201 2820 deiude
2239 2758 2567 2845 legionem

618 2834 1076 2905 admoveruntt
1145 2858 1342 2924 quae,
1395 2840 1677 2924 simplici
1724 2841 1978 2902 navium
2018 2838 2248 2902 ordine
2294 2843 2571 2927 spatium

617 2912 781 2985 istud
816 2916 988 2979 inter
1013 2918 1272 3000 priores
1315 2914 1473 2981 duas
1510 2912 1800 3004 apertum
1829 2935 2212 3005 praetexens
2239 2963 2256 2996 ,
2312 2923 2568 3007 trique-

619 3009 782 3057 tram
809 2999 1007 3061 totius
1039 3000 1206 3061 aciei
1243 3000 1477 3064 faciem
1511 3002 1869 3065 exhiberet.
1928 3006 2111 3064 Pone
2139 3000 2325 3079 hanc,
2370 3025 2405 3065 a
2429 3017 2565 3065 ter-

619 3098 706 3159 go
738 3078 966 3141 tertiae
991 3080 1197 3141 class'is
1221 3125 1240 3155 ,
1285 3081 1666 3166 hippagines
1697 3084 1957 3148 funibus
1998 3086 2327 3146 tractoriis
2353 3085 2432 3146 ad
2456 3106 2571 3145 na·

618 3179 735 3221 ves
767 3160 1192 3226 tertianorum
1240 3165 1760 3261 pertingentibus
1807 3165 2094 3227 remulco
2128 3166 2565 3229 trahebantur.

291 3307 306 3323 ·
335 3238 547 3295 Triarii·
619 3239 934 3303 Postremi
964 3244 1250 3305 omnium
1283 3245 1499 3307 triarii
1531 3246 1799 3309 nav'ibus
1840 3266 2026 3309 unam
2057 3246 2123 3306 in
2160 3250 2420 3320 seriem,
2454 3246 2572 3308 sed

217 3398 222 3406 ⁵
282 3312 549 3365 '‘⁸⁶⁰⁸“-
623 3324 1168 3385 semicircularem
1193 3368 1212 3399 ,
1258 3329 1662 3408 exporrectis
1692 3330 1787 3403 ,ita
1821 3328 2079 3412 priores
2104 3328 2461 3402 amhihant,
2498 3341 2571 3389 ut

340 3393 346 3415 ¹
619 3402 697 3463 ab
714 3418 990 3488 utroque
1013 3425 1216 3467 cornu
1229 3408 1693 3489 prominerent.
1728 3414 1815 3471 lta
1840 3423 2039 3471 totum
2056 3427 2319 3492 corpus,
2350 3412 2571 3473 fronte

621 3502 772 3545 cava
795 3523 812 3557 ,
857 3484 1196 3567 postremis·
1218 3488 1511 3571 partibus
1540 3490 1767 3551 solidis
1788 3534 1805 3565 ,
1853 3486 2041 3551 rostri
2070 3491 2311 3557 navalis
2340 3493 2568 3555 simili-

587 3564 908 3630 ‚tudinem
951 3568 1402 3649 praeferebat:
1464 3593 1595 3633 non
1632 3572 1843 3633 minus
1882 3570 1963 3631 ad
1996 3566 2423 3637 sustinendam
2452 3575 2571 3635 im·

592 3646 1010 3729 ,press'ioiiem
1041 3648 1294 3713 firmum
1317 3694 1336 3724 ‚
1382 3674 1567 3737 quam
1598 3651 1678 3713 ad
1712 3650 2115 3715 inserendam
2144 3653 2381 3719 habile.
2552 3661 2557 3669 '

319 3802 476 3859 Poem·
499 3807 598 3861 du·
741 3778 850 3844 IV.
896 3780 1030 3843 'Sed
1068 3780 1677 3865 Carthaginienfium
1712 3762 1946 3859 duces,
2006 3787 2328 3849 Romanae
2368 3786 2575 3849 claffis

285 3874 370 3939 eqs'
388 3876 597 3929 obviam
625 3858 898 3923 adventu
931 3884 1051 3960 per
1083 3864 1530 3959 exploratores
1570 3866 1831 3949 cognito
1856 3910 1873 3939 ,
1918 3890 2109 3952 quum
2144 3870 2368 3931 urbem
2400 3870 2578 3931 sua'm
2636 3924 2661 3942 ,
2760 3864 2769 3877 “

283 3942 598 4025 eigamma·
625 3942 798 4003 aditu
829 3942 1106 4018 facilem,
1153 3946 1411 4007 imbelle
1441 3952 1691 4046 vulgus,
1734 3949 1985 4033 accolas
2020 3951 2199 4013 leves
2238 3966 2304 4012 et
2330 3952 2410 4013 ad
2437 3974 2577 4013 mu-

284 4027 395 4066 ⁸¹⁸·
622 4024 874 4089 tandam
911 4024 1104 4087 fldem
1137 4046 1388 4110 pronos
1447 4045 1842 4114 cogitarent,
1918 4030 2169 4095 obviam
2203 4036 2302 4095 ire
2346 4034 2577 4115 decer·-

623 4121 818 4184 uunt,
863 4109 1074 4171 omnia
1095 4110 1278 4193 prius
1318 4113 1605 4198 experiri
1625 4115 1815 4187 certi,
1860 4132 2277 4199 quamtutuin
2298 4117 2368 4179 in
2396 4116 2579 4179 Afri-

849 4212 866 4249 e
