2859 4717
656 289 769 368 246
818 290 1371 355 FREINSHEMII
1411 284 2228 352 SUPPLEMENTORUM
2259 287 2408 349 Lm.
2433 286 2550 353 VI.

312 497 589 569 [Rc-49¹·
648 494 857 579 prima
902 496 1045 555 luce
1096 496 1175 555 ad
1210 496 1434 557 horam
1469 496 1602 557 diei
1642 508 1880 558 sextam
1919 490 2246 555 velitando
2283 490 2592 553 detinuit.

650 586 782 637 tum
822 576 1073 637 demum
1096 619 1113 648 ‚
1190 577 1660 661 recipientibus
1705 597 1776 638 se
1810 566 2090 639 hostibus
2129 573 2478 659 productas
2507 592 2596 636 cx

650 656 873 719 castris
902 659 1195 741 legiones
1232 659 1520 721 immisit.
1759 688 1766 697 ·

329 788 619 841 p„,1,·„,‚‚
766 764 961 827 LVII.
1008 765 1279 840 Hanno,
1370 786 1704 849 uamquam
1736 777 1957 826 contra
1995 762 2372 845 opinionem
2414 778 2598 822 suam

359 856 591 908 Romani
646 844 1057 928 pugnandum
1092 846 1216 906 sibi
1250 845 1315 907 vi
1362 860 1542 921 eret,
1588 845 1912 929 intrepide
1949 845 2342 927 congress'uS‚
2387 845 2453 905 in
2489 862 2601 902 se-

312 938 597 994 vir-*qut
647 946 789 986 rum
812 925 943 987 diei
974 926 1337 1009 ambiguum
1370 942 1696 989 certamen
1725 925 2016 989 extraxit.
2083 925 2215 987 Sed
2240 930 2594 991 Romanos,

305 994 485 1075 lim*
530 996 622 1073 ’ἔθ’
649 1006 888 1068 curatis
934 1006 1102 1069 bene
1131 1010 1518 1092 corporibus
1553 1010 1630 1069 ad
1671 1028 1946 1093 pugnam
1985 1020 2401 1091 praeparatos
2422 1049 2439 1078 ‚
2467 1024 2596 1099 'ae-

299 1064 461 1185 {1:2⁸
503 1076 622 1115 ω’·
646 1085 811 1158 stus‚
856 1088 999 1150 sitis
1024 1131 1041 1159 ‚
1088 1089 1305 1163 labor,
1358 1109 1490 1151 non
1531 1110 1735 1174 aeque
1773 1088 2100 1172 fatigabat.
2187 1088 2594 1169 Carthagini-

304 1150 331 1185 *
439 1165 457 1185 ⁰
648 1170 823 1230 ensis
857 1183 1071 1229 autem
1101 1170 1273 1231 acies
1299 1214 1319 1244 ‚
1380 1185 1530 1234 ante
1571 1169 1960 1235 commiss'um
2034 1169 2332 1229 ›roelium
2376 1167 2596 1229 inedia

648 1264 714 1311 et
743 1248 958 1317 stando
989 1250 1141 1313 sess'a
1160 1294 1177 1324 ‚
1234 1268 1471 1337 quanto
1511 1254 1768 1335 longius
1800 1266 2022 1335 protra
2070 1250 2296 1312 ebatur
2325 1249 2596 1310 dimica-

641 1332 761 1402 tio,
808 1331 1257 1395 fatiscentibus
1290 1334 1680 1418 corporibus
1711 1332 1922 1393 minus
1951 1332 2030 1393 ad
2058 1330 2471 1393 resistendum
2487 1329 2598 1391 vi-

590 1466 611 1483 ,
642 1413 813 1475 rium
842 1412 1139 1474 habebat.
1211 1414 1530 1495 postremo
1585 1412 2022 1476 conductitius
2075 1413 2332 1486 miles‚⁴
2362 1412 2471 1497 qui
2516 1410 2594 1470 in

641 1494 849 1577 prima
888 1493 1107 1557 fronte
1144 1517 1231 1578 pu
1322 1496 1500 1570 nbat,
1546 1495 1790 1557 diutius
1823 1492 2134 1557 sustinere
2161 1494 2444 1556 laborem
2457 1510 2595 1553 non

636 1574 884 1659 potuit:
926 1596 1141 1659 neque
1164 1597 1237 1638 so
1266 1599 1373 1639 um
1393 1578 1528 1663 ipse
1557 1578 1740 1639 cellit
1765 1579 1910 1639 loco
1932 1618 1949 1649 ‚
1995 1576 2110 1639 sed
2131 1618 2148 1647 ‚
2199 1576 2266 1636 in
2291 1574 2602 1658 elephan-

637 1668 855 1717 torum
886 1676 1113 1751 agmen
1148 1672 1213 1719 et
1256 1661 1417 1723 alios
1451 1683 1488 1722 a
1521 1675 1714 1742 tergo
1755 1656 1984 1721 ssantes
2033 1656 2300 1719 ordines
2339 1655 2600 1739 trepida

639 1736 793 1819 suga
825 1758 896 1799 se
931 1739 1263 1815 inserens,
1302 1741 1589 1805 turbavit
1619 1754 1818 1802 totam
1851 1742 2075 1811 aciem,
2120 1736 2412 1823 hostique
2433 1737 2604 1799 acri-

638 1832 745 1879 ter
794 1820 1195 1898 incumbenti
1244 1836 1431 1907 terga
1471 1824 1628 1885 dare
1669 1822 1908 1907 coegit.
1989 1819 2233 1883 Eadem
2279 1819 2600 1883 felicitate

638 1912 779 1960 tum
794 1920 1055 1984 quoque
1082 1901 1160 1963 ab
1192 1903 1317 1963 alia
1388 1918 1526 1967 arte
1543 1902 1710 1988 gesta
1729 1922 1840 1966 res
1863 1924 1880 1965 z
1907 1902 2225 1965 Hannibal
2273 1922 2377 1975 ue,
2399 1920 2601 1985 quum

553 1987 567 2004 ‘
645 1980 989 2063 eruptione
1024 1972 1303 2069 pug'navi
1356 1999 1446 2059 et,
1487 1985 1732 2067 majore
1753 2006 1874 2047 suo
1893 2028 1910 2060 ,
1951 2004 2138 2069 quam
2159 1982 2246 2044 ho
2302 1985 2450 2057 ‘um,
2479 1982 2601 2044 de·

326 2072 621 2143 eanhagi-
646 2060 953 2123 trimento
984 2061 1053 2121 in
1086 2065 1314 2127 urbem
1338 2085 1480 2127 com
1527 2066 1699 2127 ulfus
1734 2064 1842 2127 est.
1889 2068 2083 2161 Capta
2111 2064 2602 2149 Carthaginien-

308 2146 565 2197 niensium
649 2142 813 2203 sium
845 2141 1039 2204 castra
1070 2159 1257 2208 sunta
1323 2148 1472 2231 elep
1519 2147 1648 2209 anti
1681 2148 2002 2210 vulnerati
2033 2161 2206 2219 tres,
2269 2146 2442 2208 caesi
2476 2146 2603 2207 tri-

308 2212 511 2269 clades.
552 2244 562 2249 ·
648 2221 863 2305 ginta,
908 2222 1206 2286 undecim
1236 2228 1305 2287 in
1330 2248 1552 2289 manns
1584 2231 2020 2290 Romanorum
2055 2248 2318 2293 venere.
2366 2227 2604 2290 similis

649 2316 715 2365 et
739 2302 1068 2365 hominum
1093 2304 1359 2379 ⁸fortuna
1386 2308 1548 2371 fuit:
1593 2308 1676 2371 de
1701 2322 1880 2372 tanto
1909 2310 2200 2372 exercitu
2232 2310 2420 2394 pauci
2447 2328 2598 2371 cum

646 2384 785 2469 ipso
828 2384 993 2449 duce
1018 2388 1398 2451 Heracleam
1430 2388 1790 2455 evaserunt.

770 2519 994 2581 LVIII.
1038 2520 1163 2595 At,
1210 2524 1319 2603 qui
1355 2522 1424 2584 in
1459 2521 1622 2583 urbe
1658 2521 1856 2584 clausi
1895 2536 2114 2595 erant,
2162 2522 2359 2585 rebus
2441 2522 2594 2584 lane

649 2598 1010 2683 desperatis
1037 2643 1054 2673 ‚
1100 2604 1335 2663 nullam
1378 2604 1600 2665 salutis
1638 2604 1802 2664 viam
1847 2603 1974 2664 sibi
2017 2604 2309 2667 relictam
2340 2626 2375 2664 e
2431 2625 2465 2665 e
2493 2604 2598 2663 vi-

324 2714 603 2774 anna„
649 2678 899 2753 dentes,
948 2682 1236 2745 maximis
1272 2684 1633 2745 terroribus
1665 2682 2150 2768 adfligebantur.
2241 2707 2386 2746 uum
2419 2686 2600 2745 llan-

310 2752 625 2857 Agrfgmfi’
650 2760 857 2833 nibal,
930 2762 1194 2845 optimi,
1254 2780 1326 2827 ut
1365 2766 1430 2826 in
1475 2766 1734 2827 fortuna
1771 2765 1968 2837 mala,
2037 2708 2297 2829 consilii
2343 2781 2594 2839 auctor,

309 2859 557 2919 clausus,
650 2840 1088 2905 animadverso
1110 2888 1126 2917 ‚
1170 2846 1494 2909 Romanos
1529 2861 1596 2909 et
1620 2847 1844 2909 labere
1882 2850 2252 2909 certaminis
2283 2848 2598 2943 defatiga-

310 2926 543 3007 solerter
560 2938 611 2973 θ·
650 2937 775 2995 tos,
823 2938 887 2985 et
912 2924 1153 2987 laetitia
1176 2926 1342 2991 bene
1374 2926 1582 3011 gestae
1609 2930 1710 2990 rei
1741 2928 2114 3004 solutiores,
2157 2928 2603 3013 negligentius

310 2992 487 3048 ⁰⁰³⁸&
654 3004 847 3066 solito
874 3005 1175 3067 excubias
1204 3030 1397 3105 agere
1418 3054 1435 3083 ,
1475 3011 1648 3071 circa
1676 3011 1928 3072 tertiam
1949 3011 2232 3095 vigiliam
2253 3032 2396 3073 cum
2423 3030 2602 3070 mer-

564 3092 571 3101 '
652 3084 934 3147 cenat-iis
968 3086 1098 3147 exit
1132 3091 1409 3172 oppido:
1461 3104 1562 3163 et,
1608 3091 1910 3163 cratibus,
1955 3114 2110 3177 quas
2133 3094 2303 3154 hunc
2321 3090 2397 3151 ad
2417 3090 2601 3151 usum

654 3180 803 3228 ante
824 3180 1074 3251 paratas
1095 3166 1430 3233 stramento
1460 3174 1956 3256 compleverant,
2001 3174 2066 3233 in
2098 3172 2288 3235 foll'as
2312 3172 2595 3253 injectis,

652 3248 1080 3335 transgress'us
1105 3293 1122 3323 ‚
1166 3250 1554 3335 aliquantum
1579 3253 1836 3314 itineris
1856 3255 2072 3338 praeci
2123 3256 2195 3329 it,
2238 3256 2440 3315 donec
2457 3254 2603 3315 Ro-

655 3330 847 3403 mani,
889 3330 1037 3392 luce
1071 3330 1194 3412 jam
1222 3334 1514 3415 oriente,
1561 3334 1715 3418 quid
1751 3350 1957 3396 actum
1991 3358 2026 3397 e
2081 3352 2166 3411 et,
2211 3338 2599 3409 sentientes,

656 3424 907 3495 partem
954 3414 1223 3475 extremi
1270 3416 1541 3498 agminis
1591 3414 2191 3500 deprehenderunt3
2273 3414 2600 3477 Hannibal

358 3506 626 3577 Agaga-
662 3512 803 3553 cum
847 3494 1118 3578 reliquis
1169 3496 1235 3556 in
1279 3510 1410 3558 tuta
1451 3498 1590 3558 loca
1635 3498 1954 3583 pervenit.
2041 3500 2124 3561 At
2157 3498 2598 3583 Agrigentini,

326 3588 440 3659 equ
500 3576 639 3631 diri·
664 3574 952 3635 desertos
986 3596 1019 3635 a
1050 3578 1290 3639 Poenis
1329 3600 1400 3639 se
1441 3578 1777 3653 videntes,
1819 3581 2052 3642 multos
2079 3600 2336 3659 eorum,
2383 3580 2491 3664 qui
2522 3579 2598 3639 iu

323 3656 501 3717 Pm‘f·
662 3655 823 3716 urbe
869 3658 1331 3733 remanserant,
1380 3662 1524 3723 sive
1559 3681 1679 3744 per
1721 3662 1916 3734 iram,
1991 3663 2140 3724 sive
2167 3676 2235 3723 ut
2271 3662 2304 3722 a
2341 3664 2601 3724 victore

326 3762 331 3770 ¹
664 3738 931 3821 gratiam
960 3738 1225 3813 inituri,
1272 3742 1638 3805 concidere.
1684 3746 1818 3805 Nec
1853 3742 2007 3805 ideo
2030 3745 2236 3806 minus
2276 3742 2608 3826 direptum

665 3816 809 3881 esto
856 3818 1113 3903 pidum:
1154 3822 1474 3905 homines,
1509 3824 1780 3907 amplius
1803 3826 2082 3910 quinque
2113 3842 2177 3887 et
2197 3826 2428 3909 viginti
2455 3823 2612 3885 mil-

664 3900 753 3962 lia
780 3902 827 3961 h
878 3922 1137 3963 erorum
1164 3907 1462 3989 capitum,
1500 3908 1569 3967 in
1602 3907 1975 3970 servitutem
1995 3908 2261 3970 venditi.
2307 3908 2450 3970 Hoc
2471 3926 2613 3967 ma-

678 3998 1321 4021 -...-.......-.-.

744 4053 885 4175 cag.
903 4052 1080 4107 nvn.
1112 4057 1315 4129 Polyb.
1352 4062 1626 4114 zonaras.
1659 4056 1834 4113 mod.
1863 4057 2062 4131 Eclog.
2079 4058 2120 4112 1.
2139 4059 2228 4115 23.
2261 4026 2435 4113 oroi.
2461 4062 2522 4127 4,
2545 4077 2624 4123 7.

673 4120 813 4246 ἓξὲξ
826 4124 1245 4250 ειῧΐξῗωτυ.
1314 4128 1681 4203 Cap.LV111.
1714 4126 1921 4200 Polyb.
1941 4129 2215 4188 Zonaras.
2235 4126 2441 4200 Polyb.
2459 4127 2620 4185 Dio-
